{"version":1,"updated_ms":1764607518550,"symbols":{"BTCUSDT":{"trades":[{"T":1764607519836,"s":"BTCUSDT","S":"Sell","v":"0.011","p":"85106.80","L":"ZeroMinusTick","i":"fdb52e23-9be8-5c2c-be3e-542dcc68b549","BT":false,"RPI":false,"seq":491031838856},{"T":1764607519836,"s":"BTCUSDT","S":"Sell","v":"0.141","p":"85106.40","L":"MinusTick","i":"ebe2e364-8611-5079-84b7-d186b3c44cdc","BT":false,"RPI":false,"seq":491031838856},{"T":1764607519836,"s":"BTCUSDT","S":"Sell","v":"0.011","p":"85106.40","L":"ZeroMinusTick","i":"07d23740-150c-57d1-92bc-ab412af6e851","BT":false,"RPI":false,"seq":491031838856},{"T":1764607519836,"s":"BTCUSDT","S":"Sell","v":"0.011","p":"85105.90","L":"MinusTick","i":"7fb84918-8ae3-5864-9acb-8f7b2c86c2fd","BT":false,"RPI":false,"seq":491031838856},{"T":1764607519836,"s":"BTCUSDT","S":"Sell","v":"0.001","p":"85105.80","L":"MinusTick","i":"2586268b-aa5f-540c-857a-df1427c5788c","BT":false,"RPI":false,"seq":491031838856},{"T":1764607519836,"s":"BTCUSDT","S":"Sell","v":"0.001","p":"85105.40","L":"MinusTick","i":"9a1c9c95-bf89-5be9-bdab-620881371156","BT":false,"RPI":false,"seq":491031838856},{"T":1764607519836,"s":"BTCUSDT","S":"Sell","v":"0.001","p":"85104.10","L":"MinusTick","i":"551f456d-c6d8-576c-a4b9-82ca1fa42de2","BT":false,"RPI":false,"seq":491031838856},{"T":1764607519836,"s":"BTCUSDT","S":"Sell","v":"0.001","p":"85104.00","L":"MinusTick","i":"f27c94d6-7a4e-5d59-b756-c76fded37866","BT":false,"RPI":false,"seq":491031838856},{"T":1764607520005,"s":"BTCUSDT","S":"Buy","v":"0.001","p":"85103.90","L":"MinusTick","i":"a86a7757-69a6-5732-aeb6-4350c043b37b","BT":false,"RPI":false,"seq":491031841534},{"T":1764607520115,"s":"BTCUSDT","S":"Buy","v":"0.011","p":"85103.90","L":"ZeroMinusTick","i":"ac34738e-482d-54c1-a45a-966156125430","BT":false,"RPI":false,"seq":491031842098},{"T":1764607520170,"s":"BTCUSDT","S":"Buy","v":"0.011","p":"85103.90","L":"ZeroMinusTick","i":"99ba4796-da5c-5f58-a296-17902743eba8","BT":false,"RPI":false,"seq":491031842417},{"T":1764607520229,"s":"BTCUSDT","S":"Sell","v":"0.032","p":"85103.80","L":"MinusTick","i":"dee51bf1-d2f0-5aae-bb6a-596c96fff160","BT":false,"RPI":false,"seq":491031842572},{"T":1764607520759,"s":"BTCUSDT","S":"Buy","v":"0.007","p":"85103.90","L":"PlusTick","i":"c8ed4d42-b314-577b-8329-87fb160e6088","BT":false,"RPI":false,"seq":491031843519},{"T":1764607521142,"s":"BTCUSDT","S":"Buy","v":"0.003","p":"85103.90","L":"ZeroPlusTick","i":"45aad887-0036-53dd-84a1-b2a30960e9de","BT":false,"RPI":false,"seq":491031844631},{"T":1764607521217,"s":"BTCUSDT","S":"Sell","v":"0.003","p":"85103.80","L":"MinusTick","i":"326bfc24-6a73-54c9-b975-0038a4d10c40","BT":false,"RPI":false,"seq":491031845053},{"T":1764607521316,"s":"BTCUSDT","S":"Buy","v":"0.001","p":"85103.90","L":"PlusTick","i":"91eadbd1-678f-5ad5-a46a-39902bafcc4a","BT":false,"RPI":false,"seq":491031845466},{"T":1764607521436,"s":"BTCUSDT","S":"Buy","v":"0.161","p":"85103.90","L":"ZeroPlusTick","i":"a2b46b20-a8fa-5085-89db-a6077f8bbfcf","BT":false,"RPI":false,"seq":491031846632},{"T":1764607521436,"s":"BTCUSDT","S":"Buy","v":"0.001","p":"85103.90","L":"ZeroPlusTick","i":"508affd2-885f-500a-9b83-bd099ef7f7b2","BT":false,"RPI":false,"seq":491031846632},{"T":1764607521436,"s":"BTCUSDT","S":"Buy","v":"0.001","p":"85103.90","L":"ZeroPlusTick","i":"696fc224-1d51-5ef7-ab4d-27b7a1a160e3","BT":false,"RPI":false,"seq":491031846632},{"T":1764607521436,"s":"BTCUSDT","S":"Buy","v":"0.037","p":"85103.90","L":"ZeroPlusTick","i":"f48b1828-d565-5856-9b32-5594aa0561fa","BT":false,"RPI":false,"seq":491031846632},{"T":1764607521711,"s":"BTCUSDT","S":"Sell","v":"0.005","p":"85103.80","L":"MinusTick","i":"e3937651-6fbc-5979-9022-3bbe6f5a44e0","BT":false,"RPI":false,"seq":491031847664},{"T":1764607521830,"s":"BTCUSDT","S":"Buy","v":"0.006","p":"85103.90","L":"PlusTick","i":"faa3b373-a7f8-5bed-baf2-3e885f870e8a","BT":false,"RPI":false,"seq":491031847992},{"T":1764607521952,"s":"BTCUSDT","S":"Buy","v":"0.023","p":"85103.90","L":"ZeroPlusTick","i":"c41e3eba-12f4-5a14-9dc0-faf6bbfabd54","BT":false,"RPI":false,"seq":491031848227},{"T":1764607522114,"s":"BTCUSDT","S":"Sell","v":"0.095","p":"85103.80","L":"MinusTick","i":"0e17bb08-7f69-58ea-9979-10106d281314","BT":false,"RPI":false,"seq":491031849249},{"T":1764607522114,"s":"BTCUSDT","S":"Sell","v":"0.068","p":"85103.80","L":"ZeroMinusTick","i":"bef9dc76-f16b-579c-b67f-c16080f9ec2f","BT":false,"RPI":false,"seq":491031849250},{"T":1764607522114,"s":"BTCUSDT","S":"Sell","v":"0.718","p":"85103.80","L":"ZeroMinusTick","i":"eb45c0d6-227b-525b-be61-adb666a0c4e6","BT":false,"RPI":false,"seq":491031849252},{"T":1764607522114,"s":"BTCUSDT","S":"Sell","v":"0.220","p":"85103.80","L":"ZeroMinusTick","i":"9ca53c1c-f06b-54b9-93d0-ee17fd783672","BT":false,"RPI":false,"seq":491031849253},{"T":1764607522114,"s":"BTCUSDT","S":"Sell","v":"0.132","p":"85103.80","L":"ZeroMinusTick","i":"1ddeed49-b6c6-5ba0-9b92-101b74e6ed81","BT":false,"RPI":false,"seq":491031849254},{"T":1764607522114,"s":"BTCUSDT","S":"Sell","v":"0.001","p":"85103.80","L":"ZeroMinusTick","i":"3f493424-e219-51c4-993d-aff212fbd156","BT":false,"RPI":false,"seq":491031849254},{"T":1764607522114,"s":"BTCUSDT","S":"Sell","v":"0.001","p":"85103.80","L":"ZeroMinusTick","i":"5f892b0e-3a8a-5785-92c8-4ae8c2eec539","BT":false,"RPI":false,"seq":491031849254},{"T":1764607522114,"s":"BTCUSDT","S":"Sell","v":"0.001","p":"85103.80","L":"ZeroMinusTick","i":"14b06b67-6600-543f-a242-98db0429b914","BT":false,"RPI":false,"seq":491031849254},{"T":1764607522114,"s":"BTCUSDT","S":"Sell","v":"0.001","p":"85103.80","L":"ZeroMinusTick","i":"1ccc74f6-c2e8-5da6-8a87-10d53ae5c660","BT":false,"RPI":false,"seq":491031849254},{"T":1764607522114,"s":"BTCUSDT","S":"Sell","v":"0.001","p":"85103.80","L":"ZeroMinusTick","i":"1b077cca-e15f-5fa0-bd1d-b560c792e5df","BT":false,"RPI":false,"seq":491031849254},{"T":1764607522114,"s":"BTCUSDT","S":"Sell","v":"0.107","p":"85103.80","L":"ZeroMinusTick","i":"3c275531-b4e4-573d-a3ac-bb3d4e90db16","BT":false,"RPI":false,"seq":491031849254},{"T":1764607522114,"s":"BTCUSDT","S":"Sell","v":"0.001","p":"85103.20","L":"MinusTick","i":"f3c930b9-aae3-56ea-bf5f-a3a9b2d343a2","BT":false,"RPI":false,"seq":491031849254},{"T":1764607522114,"s":"BTCUSDT","S":"Sell","v":"0.003","p":"85102.80","L":"MinusTick","i":"60efb1f8-dff9-5def-b865-028c5f10dd0d","BT":false,"RPI":false,"seq":491031849254},{"T":1764607522114,"s":"BTCUSDT","S":"Sell","v":"0.001","p":"85101.90","L":"MinusTick","i":"e7b2fe4c-50c3-517b-866c-f5574570ba97","BT":false,"RPI":false,"seq":491031849257},{"T":1764607522114,"s":"BTCUSDT","S":"Sell","v":"0.013","p":"85100.00","L":"MinusTick","i":"89e6ace5-771d-5d3a-a33c-d5122104e098","BT":false,"RPI":false,"seq":491031849266},{"T":1764607522114,"s":"BTCUSDT","S":"Sell","v":"0.063","p":"85100.00","L":"ZeroMinusTick","i":"f38dc56e-e0d2-5c11-81cd-3a1eda0ed625","BT":false,"RPI":false,"seq":491031849267},{"T":1764607522114,"s":"BTCUSDT","S":"Sell","v":"0.001","p":"85100.00","L":"ZeroMinusTick","i":"9a58957f-c981-5624-ae3e-3f011f5ef501","BT":false,"RPI":false,"seq":491031849267},{"T":1764607522114,"s":"BTCUSDT","S":"Sell","v":"0.020","p":"85100.00","L":"ZeroMinusTick","i":"b03018f1-b498-571e-8148-cd298687f643","BT":false,"RPI":false,"seq":491031849267},{"T":1764607522114,"s":"BTCUSDT","S":"Sell","v":"0.001","p":"85099.90","L":"MinusTick","i":"c4d85376-90e4-52aa-ba33-04c8c41f9369","BT":false,"RPI":false,"seq":491031849267},{"T":1764607522114,"s":"BTCUSDT","S":"Sell","v":"0.001","p":"85099.90","L":"ZeroMinusTick","i":"6f183c06-b73c-5b3b-9686-04bb548e76b2","BT":false,"RPI":false,"seq":491031849267},{"T":1764607522114,"s":"BTCUSDT","S":"Sell","v":"0.001","p":"85099.40","L":"MinusTick","i":"4a235ef5-e297-5ecf-a50b-187e5af86a70","BT":false,"RPI":false,"seq":491031849267},{"T":1764607522221,"s":"BTCUSDT","S":"Sell","v":"0.001","p":"85098.60","L":"MinusTick","i":"fca8495e-c365-5bc1-ba4c-ba7ce7fdbe32","BT":false,"RPI":false,"seq":491031853987},{"T":1764607522226,"s":"BTCUSDT","S":"Buy","v":"0.002","p":"85098.70","L":"PlusTick","i":"8137f487-820a-5868-b203-e0d7ad905ff6","BT":false,"RPI":false,"seq":491031854242},{"T":1764607522241,"s":"BTCUSDT","S":"Buy","v":"0.001","p":"85098.70","L":"ZeroPlusTick","i":"be5ef265-2473-5321-8bef-892683fb02d7","BT":false,"RPI":false,"seq":491031854660},{"T":1764607522242,"s":"BTCUSDT","S":"Buy","v":"0.001","p":"85098.70","L":"ZeroPlusTick","i":"a7d64fb8-11fe-5256-b349-c963eb80cebe","BT":false,"RPI":false,"seq":491031854670},{"T":1764607522242,"s":"BTCUSDT","S":"Buy","v":"0.006","p":"85098.70","L":"ZeroPlusTick","i":"817aec6d-b71c-5c08-9623-20d4108539f6","BT":false,"RPI":false,"seq":491031854672},{"T":1764607522242,"s":"BTCUSDT","S":"Buy","v":"0.001","p":"85098.70","L":"ZeroPlusTick","i":"135252ce-f3dc-55be-8878-49307abb038f","BT":false,"RPI":false,"seq":491031854677},{"T":1764607522243,"s":"BTCUSDT","S":"Buy","v":"0.001","p":"85098.70","L":"ZeroPlusTick","i":"78851a75-7d47-5906-ad84-68b1b6b9fe85","BT":false,"RPI":false,"seq":491031854684},{"T":1764607522243,"s":"BTCUSDT","S":"Buy","v":"0.001","p":"85098.70","L":"ZeroPlusTick","i":"a7205551-bfc4-591c-9766-fe7984fe5a54","BT":false,"RPI":false,"seq":491031854686},{"T":1764607522244,"s":"BTCUSDT","S":"Buy","v":"0.001","p":"85098.70","L":"ZeroPlusTick","i":"b514896d-27e7-50ce-8ea7-4e15ca871cc1","BT":false,"RPI":false,"seq":491031854689},{"T":1764607522244,"s":"BTCUSDT","S":"Buy","v":"0.001","p":"85098.70","L":"ZeroPlusTick","i":"2e972f31-a134-5efd-a630-595ef8b5031f","BT":false,"RPI":false,"seq":491031854690},{"T":1764607522297,"s":"BTCUSDT","S":"Sell","v":"0.001","p":"85098.60","L":"MinusTick","i":"cd2d6fa5-1418-5f98-9a1b-688e405a8a95","BT":false,"RPI":false,"seq":491031855470},{"T":1764607522374,"s":"BTCUSDT","S":"Buy","v":"0.002","p":"85098.70","L":"PlusTick","i":"9cda5df0-25c9-5f4c-a296-7e4128b80366","BT":false,"RPI":false,"seq":491031856777},{"T":1764607522565,"s":"BTCUSDT","S":"Sell","v":"0.038","p":"85098.60","L":"MinusTick","i":"88786034-3fc4-55a7-8c15-ac97057514ce","BT":false,"RPI":false,"seq":491031858436},{"T":1764607522575,"s":"BTCUSDT","S":"Sell","v":"0.040","p":"85098.60","L":"ZeroMinusTick","i":"5b670990-f2e4-547f-ae72-5c3428d2c01e","BT":false,"RPI":false,"seq":491031858606},{"T":1764607522575,"s":"BTCUSDT","S":"Sell","v":"0.001","p":"85098.60","L":"ZeroMinusTick","i":"de4e73ae-494a-5ba0-a00a-406f5a8adb0d","BT":false,"RPI":false,"seq":491031858606},{"T":1764607522575,"s":"BTCUSDT","S":"Sell","v":"0.001","p":"85098.60","L":"ZeroMinusTick","i":"e904cfcc-15bc-51cb-b1df-ed205f7b8611","BT":false,"RPI":false,"seq":491031858606},{"T":1764607522575,"s":"BTCUSDT","S":"Sell","v":"0.001","p":"85098.60","L":"ZeroMinusTick","i":"73681840-cd16-57d9-853d-ce0235279b00","BT":false,"RPI":false,"seq":491031858606},{"T":1764607522580,"s":"BTCUSDT","S":"Sell","v":"0.011","p":"85098.40","L":"MinusTick","i":"f147c60c-a059-57e3-a7e9-0c54f545b4c9","BT":false,"RPI":false,"seq":491031858956},{"T":1764607522580,"s":"BTCUSDT","S":"Sell","v":"0.001","p":"85098.40","L":"ZeroMinusTick","i":"27834992-f19f-5e6f-aa28-feb4a51d6888","BT":false,"RPI":false,"seq":491031858956},{"T":1764607522580,"s":"BTCUSDT","S":"Sell","v":"0.001","p":"85098.10","L":"MinusTick","i":"a44a76f7-3dcc-5214-ac9b-1edff35d4a7f","BT":false,"RPI":false,"seq":491031858956},{"T":1764607522580,"s":"BTCUSDT","S":"Sell","v":"0.001","p":"85098.00","L":"MinusTick","i":"159260a5-9f7f-5e51-a388-f3ecfbbf90e6","BT":false,"RPI":false,"seq":491031858956},{"T":1764607522586,"s":"BTCUSDT","S":"Sell","v":"0.001","p":"85096.30","L":"MinusTick","i":"c4e25319-cf32-561e-86f9-d9fc31b1007a","BT":false,"RPI":false,"seq":491031859611},{"T":1764607522586,"s":"BTCUSDT","S":"Sell","v":"0.001","p":"85096.30","L":"ZeroMinusTick","i":"9b84f4bb-d222-5bb9-bb97-5746bfd44350","BT":false,"RPI":false,"seq":491031859611},{"T":1764607522953,"s":"BTCUSDT","S":"Sell","v":"0.002","p":"85095.40","L":"MinusTick","i":"67865b9a-4f61-5c60-8964-705298dd3ed5","BT":false,"RPI":false,"seq":491031864353},{"T":1764607522953,"s":"BTCUSDT","S":"Sell","v":"0.002","p":"85095.40","L":"ZeroMinusTick","i":"d6677bb9-1b6e-5f0b-b475-b16c60adf945","BT":false,"RPI":false,"seq":491031864353},{"T":1764607522982,"s":"BTCUSDT","S":"Sell","v":"0.001","p":"85095.40","L":"ZeroMinusTick","i":"64bf2cea-fd58-5c81-8062-6c99b7d3de72","BT":false,"RPI":false,"seq":491031864479},{"T":1764607523117,"s":"BTCUSDT","S":"Buy","v":"0.001","p":"85095.50","L":"PlusTick","i":"7b2fab9f-9308-553f-8df5-1646f4484e03","BT":false,"RPI":false,"seq":491031865283},{"T":1764607523418,"s":"BTCUSDT","S":"Sell","v":"0.008","p":"85095.40","L":"MinusTick","i":"36223591-87e2-5e7d-92d6-b1884c09a5a1","BT":false,"RPI":false,"seq":491031868592},{"T":1764607523418,"s":"BTCUSDT","S":"Sell","v":"0.001","p":"85095.40","L":"ZeroMinusTick","i":"89471eb8-b98c-54a4-83d9-c694b87014c4","BT":false,"RPI":false,"seq":491031868592},{"T":1764607523418,"s":"BTCUSDT","S":"Sell","v":"0.001","p":"85095.40","L":"ZeroMinusTick","i":"10122ad7-44ae-54c4-816f-d706714454db","BT":false,"RPI":false,"seq":491031868592},{"T":1764607523418,"s":"BTCUSDT","S":"Sell","v":"0.001","p":"85095.40","L":"ZeroMinusTick","i":"950dac3e-9c6a-5893-89e3-8d421b3ed4b3","BT":false,"RPI":false,"seq":491031868592},{"T":1764607523418,"s":"BTCUSDT","S":"Sell","v":"0.001","p":"85095.40","L":"ZeroMinusTick","i":"a377eaac-9d9e-58d5-82b5-1e23d99cdd9e","BT":false,"RPI":false,"seq":491031868592},{"T":1764607523418,"s":"BTCUSDT","S":"Sell","v":"0.006","p":"85095.40","L":"ZeroMinusTick","i":"d460ae64-7ddd-5549-a0a6-6ae4d45e9317","BT":false,"RPI":false,"seq":491031868592},{"T":1764607523427,"s":"BTCUSDT","S":"Sell","v":"0.001","p":"85095.00","L":"MinusTick","i":"390bdc45-605e-5644-b0f1-ee1cf88853aa","BT":false,"RPI":false,"seq":491031869161},{"T":1764607523427,"s":"BTCUSDT","S":"Sell","v":"0.001","p":"85095.00","L":"ZeroMinusTick","i":"fd31f99a-a4a1-5a25-8cec-38c6b0c41f38","BT":false,"RPI":false,"seq":491031869161},{"T":1764607523427,"s":"BTCUSDT","S":"Sell","v":"0.001","p":"85094.40","L":"MinusTick","i":"2df9bc54-ab19-52dc-8daa-c2ada88ff171","BT":false,"RPI":false,"seq":491031869161},{"T":1764607523427,"s":"BTCUSDT","S":"Sell","v":"0.001","p":"85094.20","L":"MinusTick","i":"819da81e-22aa-5ede-b06d-26faaeabc1b9","BT":false,"RPI":false,"seq":491031869161},{"T":1764607523427,"s":"BTCUSDT","S":"Sell","v":"0.001","p":"85094.10","L":"MinusTick","i":"7dcd310b-474e-511b-ade0-a080ed42d704","BT":false,"RPI":false,"seq":491031869161},{"T":1764607523427,"s":"BTCUSDT","S":"Sell","v":"0.002","p":"85094.10","L":"ZeroMinusTick","i":"fc5ad818-7ab8-5822-9c15-bfe3804a0d55","BT":false,"RPI":false,"seq":491031869161},{"T":1764607523548,"s":"BTCUSDT","S":"Sell","v":"0.207","p":"85091.40","L":"MinusTick","i":"a150e7a1-a500-58a0-b363-0e8fab01980c","BT":false,"RPI":false,"seq":491031872187},{"T":1764607523548,"s":"BTCUSDT","S":"Sell","v":"0.001","p":"85091.40","L":"ZeroMinusTick","i":"6b0ccc27-7ed4-5f07-b4af-c43d767d31f9","BT":false,"RPI":false,"seq":491031872187},{"T":1764607523548,"s":"BTCUSDT","S":"Sell","v":"0.105","p":"85091.40","L":"ZeroMinusTick","i":"20290022-a5ed-502a-80c1-eec5c3947366","BT":false,"RPI":false,"seq":491031872187},{"T":1764607523548,"s":"BTCUSDT","S":"Sell","v":"0.001","p":"85091.40","L":"ZeroMinusTick","i":"e206c513-38bb-5804-b5a0-8db73b957724","BT":false,"RPI":false,"seq":491031872187},{"T":1764607523548,"s":"BTCUSDT","S":"Sell","v":"0.001","p":"85091.40","L":"ZeroMinusTick","i":"e9aeb5f6-adeb-513b-b470-b87c01077573","BT":false,"RPI":false,"seq":491031872187},{"T":1764607523548,"s":"BTCUSDT","S":"Sell","v":"0.685","p":"85091.40","L":"ZeroMinusTick","i":"cf7c306c-a059-5abf-8875-08ab675f3007","BT":false,"RPI":false,"seq":491031872187},{"T":1764607523668,"s":"BTCUSDT","S":"Sell","v":"0.001","p":"85091.40","L":"ZeroMinusTick","i":"3f2feaa0-335f-5c1b-9409-a9fa1a5f89d0","BT":false,"RPI":false,"seq":491031873133},{"T":1764607523668,"s":"BTCUSDT","S":"Sell","v":"0.002","p":"85091.40","L":"ZeroMinusTick","i":"376d81e2-8b83-5e6b-b301-481b3cc26468","BT":false,"RPI":false,"seq":491031873133},{"T":1764607523796,"s":"BTCUSDT","S":"Sell","v":"0.001","p":"85091.40","L":"ZeroMinusTick","i":"7f5cefd8-47c9-591f-b9c2-d27640b82d71","BT":false,"RPI":false,"seq":491031873374},{"T":1764607523796,"s":"BTCUSDT","S":"Sell","v":"0.099","p":"85091.40","L":"ZeroMinusTick","i":"4f4b99ac-21cd-53b0-b03e-6a6e41da88ec","BT":false,"RPI":false,"seq":491031873374},{"T":1764607523965,"s":"BTCUSDT","S":"Buy","v":"0.002","p":"85091.50","L":"PlusTick","i":"562df988-7245-5f9a-833f-a1bb91514b7e","BT":false,"RPI":false,"seq":491031873653},{"T":1764607524066,"s":"BTCUSDT","S":"Sell","v":"0.001","p":"85091.40","L":"MinusTick","i":"579aad65-f543-58ca-952e-26430481db1a","BT":false,"RPI":false,"seq":491031874648},{"T":1764607524066,"s":"BTCUSDT","S":"Sell","v":"0.001","p":"85091.40","L":"ZeroMinusTick","i":"2df90dbf-b17a-50a8-834a-8c1ef3be7e4a","BT":false,"RPI":false,"seq":491031874648},{"T":1764607524066,"s":"BTCUSDT","S":"Sell","v":"0.001","p":"85091.40","L":"ZeroMinusTick","i":"d7c56274-f780-5519-853f-24faea1f2b93","BT":false,"RPI":false,"seq":491031874648},{"T":1764607524071,"s":"BTCUSDT","S":"Sell","v":"0.011","p":"85090.80","L":"MinusTick","i":"e93118c2-8758-58a5-b6c7-a0089a9a5930","BT":false,"RPI":false,"seq":491031874803},{"T":1764607524077,"s":"BTCUSDT","S":"Sell","v":"0.001","p":"85090.20","L":"MinusTick","i":"cd3fe9cf-7cc2-5ed4-ab91-7ec80f76a868","BT":false,"RPI":false,"seq":491031875477},{"T":1764607524077,"s":"BTCUSDT","S":"Sell","v":"0.001","p":"85090.20","L":"ZeroMinusTick","i":"69e4dbbb-1d08-529b-ac2e-c49d2e04897e","BT":false,"RPI":false,"seq":491031875477},{"T":1764607524236,"s":"BTCUSDT","S":"Buy","v":"0.031","p":"85090.10","L":"MinusTick","i":"ea6fdfa1-d333-52c6-9509-aabdf8217c70","BT":false,"RPI":false,"seq":491031878546},{"T":1764607524314,"s":"BTCUSDT","S":"Sell","v":"0.031","p":"85090.00","L":"MinusTick","i":"90cb2af2-6d2e-5152-bfe9-ae804991c7d5","BT":false,"RPI":false,"seq":491031879252},{"T":1764607524314,"s":"BTCUSDT","S":"Sell","v":"0.112","p":"85090.00","L":"ZeroMinusTick","i":"b93cd149-76de-5e00-abf8-1a73300bba22","BT":false,"RPI":false,"seq":491031879264},{"T":1764607524314,"s":"BTCUSDT","S":"Sell","v":"0.001","p":"85090.00","L":"ZeroMinusTick","i":"aa4615b2-1439-5af9-9f9f-bf9a4679b700","BT":false,"RPI":false,"seq":491031879264},{"T":1764607524314,"s":"BTCUSDT","S":"Sell","v":"0.001","p":"85090.00","L":"ZeroMinusTick","i":"df7b05ac-c048-552b-9d0b-dc873576951f","BT":false,"RPI":false,"seq":491031879264},{"T":1764607524314,"s":"BTCUSDT","S":"Sell","v":"0.001","p":"85089.80","L":"MinusTick","i":"f06ba5c5-16e1-5556-ba15-a418347919ba","BT":false,"RPI":false,"seq":491031879269},{"T":1764607524314,"s":"BTCUSDT","S":"Sell","v":"0.001","p":"85089.20","L":"MinusTick","i":"7f17ab55-8220-58d8-9382-d3295e2f44fb","BT":false,"RPI":false,"seq":491031879270},{"T":1764607524315,"s":"BTCUSDT","S":"Sell","v":"0.001","p":"85088.00","L":"MinusTick","i":"812f3c22-47d1-55da-8caa-a1ef7fef911a","BT":false,"RPI":false,"seq":491031879284},{"T":1764607524315,"s":"BTCUSDT","S":"Sell","v":"0.002","p":"85086.70","L":"MinusTick","i":"3063da60-03d7-5e15-b671-469ce8c6ab70","BT":false,"RPI":false,"seq":491031879308},{"T":1764607524320,"s":"BTCUSDT","S":"Sell","v":"0.006","p":"85086.70","L":"ZeroMinusTick","i":"afdc8d27-f2f6-54b6-91e8-66fc5c5d7c07","BT":false,"RPI":false,"seq":491031880146},{"T":1764607524320,"s":"BTCUSDT","S":"Sell","v":"0.001","p":"85086.70","L":"ZeroMinusTick","i":"a121186b-08a7-5b57-804f-7fff4c7cd95b","BT":false,"RPI":false,"seq":491031880146},{"T":1764607524320,"s":"BTCUSDT","S":"Sell","v":"0.001","p":"85086.60","L":"MinusTick","i":"51ea74f0-1888-5d33-b7bd-952b7aaf5b52","BT":false,"RPI":false,"seq":491031880146},{"T":1764607524326,"s":"BTCUSDT","S":"Sell","v":"0.001","p":"85086.30","L":"MinusTick","i":"1bd6c222-8481-5a53-a908-39bd2cfc7b5f","BT":false,"RPI":false,"seq":491031880564},{"T":1764607524326,"s":"BTCUSDT","S":"Sell","v":"0.001","p":"85086.00","L":"MinusTick","i":"2d6f31c3-f4f7-5fee-a9b2-d0055ab0293b","BT":false,"RPI":false,"seq":491031880564},{"T":1764607524326,"s":"BTCUSDT","S":"Sell","v":"0.001","p":"85085.60","L":"MinusTick","i":"d891222e-efb4-5ec6-aa06-8006176ffc19","BT":false,"RPI":false,"seq":491031880564},{"T":1764607524326,"s":"BTCUSDT","S":"Sell","v":"0.001","p":"85084.30","L":"MinusTick","i":"09a62439-0e8f-508b-b426-9357898f2445","BT":false,"RPI":false,"seq":491031880564},{"T":1764607524326,"s":"BTCUSDT","S":"Sell","v":"0.001","p":"85084.20","L":"MinusTick","i":"08274b5b-59ee-5f87-a6b4-32151b5e6ef5","BT":false,"RPI":false,"seq":491031880564},{"T":1764607524337,"s":"BTCUSDT","S":"Sell","v":"0.001","p":"85084.10","L":"MinusTick","i":"fb6c444e-4dbe-5551-b4dc-f3845da07456","BT":false,"RPI":false,"seq":491031882059},{"T":1764607524337,"s":"BTCUSDT","S":"Sell","v":"0.001","p":"85084.10","L":"ZeroMinusTick","i":"4e045710-e943-5684-a551-b8638db191e7","BT":false,"RPI":false,"seq":491031882059},{"T":1764607524337,"s":"BTCUSDT","S":"Sell","v":"0.001","p":"85083.70","L":"MinusTick","i":"5a0b67ca-6d6f-54bd-8c49-d96a84a7b621","BT":false,"RPI":false,"seq":491031882059},{"T":1764607524567,"s":"BTCUSDT","S":"Sell","v":"0.006","p":"85083.40","L":"MinusTick","i":"2b6a4959-a344-5452-ae95-50f8680dcfb2","BT":false,"RPI":false,"seq":491031885896},{"T":1764607524567,"s":"BTCUSDT","S":"Sell","v":"0.010","p":"85083.40","L":"ZeroMinusTick","i":"655123ad-d03c-5ff6-816c-ddb2d183975f","BT":false,"RPI":false,"seq":491031885896},{"T":1764607524567,"s":"BTCUSDT","S":"Sell","v":"0.010","p":"85083.40","L":"ZeroMinusTick","i":"bc22a032-c016-5f71-9dec-5e94eb1daa2a","BT":false,"RPI":false,"seq":491031885896},{"T":1764607524567,"s":"BTCUSDT","S":"Sell","v":"0.010","p":"85083.40","L":"ZeroMinusTick","i":"812661b7-89f9-50d7-b7b0-f9640f7720a8","BT":false,"RPI":false,"seq":491031885896},{"T":1764607524567,"s":"BTCUSDT","S":"Sell","v":"0.001","p":"85083.40","L":"ZeroMinusTick","i":"312c55c5-fe7d-5780-b01e-df4fe7cb9d69","BT":false,"RPI":false,"seq":491031885896},{"T":1764607524567,"s":"BTCUSDT","S":"Sell","v":"0.001","p":"85083.40","L":"ZeroMinusTick","i":"f145424b-1795-545d-a302-3ac6f1ace874","BT":false,"RPI":false,"seq":491031885896},{"T":1764607524567,"s":"BTCUSDT","S":"Sell","v":"0.001","p":"85083.40","L":"ZeroMinusTick","i":"f75eda42-cf7e-5456-b34b-3df4edd9f232","BT":false,"RPI":false,"seq":491031885896},{"T":1764607524567,"s":"BTCUSDT","S":"Sell","v":"0.001","p":"85083.40","L":"ZeroMinusTick","i":"14636983-e2e1-5a77-a619-d6f12d45a510","BT":false,"RPI":false,"seq":491031885896},{"T":1764607524567,"s":"BTCUSDT","S":"Sell","v":"0.120","p":"85083.40","L":"ZeroMinusTick","i":"deb4a2d9-7275-5960-81c8-5b76ae105170","BT":false,"RPI":false,"seq":491031885896},{"T":1764607524567,"s":"BTCUSDT","S":"Sell","v":"0.012","p":"85083.40","L":"ZeroMinusTick","i":"d5139ef5-82d7-5026-ad46-2fcf66ae3ec7","BT":false,"RPI":false,"seq":491031885896},{"T":1764607524570,"s":"BTCUSDT","S":"Sell","v":"0.002","p":"85083.40","L":"ZeroMinusTick","i":"426a8dd3-6dd2-5747-b8d9-101f80b9befe","BT":false,"RPI":false,"seq":491031885917},{"T":1764607524577,"s":"BTCUSDT","S":"Sell","v":"0.001","p":"85083.30","L":"MinusTick","i":"1a63062a-5e45-5210-b2b8-af58f9ced8ec","BT":false,"RPI":false,"seq":491031886408},{"T":1764607524577,"s":"BTCUSDT","S":"Sell","v":"0.003","p":"85083.30","L":"ZeroMinusTick","i":"dbee8a04-c50f-50eb-b6fe-fecd3856b585","BT":false,"RPI":false,"seq":491031886408},{"T":1764607524578,"s":"BTCUSDT","S":"Sell","v":"0.001","p":"85083.30","L":"ZeroMinusTick","i":"9abd6198-c511-505d-8f9b-2bd895b10f61","BT":false,"RPI":false,"seq":491031886414},{"T":1764607524578,"s":"BTCUSDT","S":"Sell","v":"0.001","p":"85083.00","L":"MinusTick","i":"90b92ff6-16f2-597e-a054-07ca109a7ee7","BT":false,"RPI":false,"seq":491031886432},{"T":1764607524578,"s":"BTCUSDT","S":"Sell","v":"0.001","p":"85082.90","L":"MinusTick","i":"16bb4231-1167-5ed0-9093-9e3ce46c7794","BT":false,"RPI":false,"seq":491031886432},{"T":1764607524657,"s":"BTCUSDT","S":"Buy","v":"0.005","p":"85082.50","L":"MinusTick","i":"ce54c491-6358-535f-bc83-c71dbf516ba6","BT":false,"RPI":false,"seq":491031888457},{"T":1764607524657,"s":"BTCUSDT","S":"Buy","v":"0.028","p":"85082.50","L":"ZeroMinusTick","i":"47fb1690-d650-55df-a5f7-b3905d0bb7c5","BT":false,"RPI":false,"seq":491031888457},{"T":1764607524710,"s":"BTCUSDT","S":"Sell","v":"0.117","p":"85082.40","L":"MinusTick","i":"775005cf-f0d4-5778-9b87-9f4331afe70a","BT":false,"RPI":false,"seq":491031889089},{"T":1764607524710,"s":"BTCUSDT","S":"Sell","v":"0.001","p":"85082.40","L":"ZeroMinusTick","i":"d1b6fe95-1bc5-582d-a889-42a6f9915842","BT":false,"RPI":false,"seq":491031889089},{"T":1764607524710,"s":"BTCUSDT","S":"Sell","v":"0.001","p":"85082.40","L":"ZeroMinusTick","i":"7cc3f23d-c7de-54d7-8277-a87b3ce8bdae","BT":false,"RPI":false,"seq":491031889089},{"T":1764607524710,"s":"BTCUSDT","S":"Sell","v":"0.001","p":"85082.40","L":"ZeroMinusTick","i":"30d790e0-3dc0-52e4-98fc-430c8e10d600","BT":false,"RPI":false,"seq":491031889089},{"T":1764607524710,"s":"BTCUSDT","S":"Sell","v":"0.001","p":"85082.40","L":"ZeroMinusTick","i":"a3b7866c-4dd7-5078-8a57-1c566be4c21e","BT":false,"RPI":false,"seq":491031889089},{"T":1764607524710,"s":"BTCUSDT","S":"Sell","v":"0.002","p":"85082.30","L":"MinusTick","i":"c7db06d7-4d8e-5cdf-a1fd-e6dae696e5d0","BT":false,"RPI":false,"seq":491031889089},{"T":1764607524710,"s":"BTCUSDT","S":"Sell","v":"0.001","p":"85081.90","L":"MinusTick","i":"16479a7b-2272-5e6c-8b7c-f611adcda29e","BT":false,"RPI":false,"seq":491031889089},{"T":1764607524710,"s":"BTCUSDT","S":"Sell","v":"0.001","p":"85081.60","L":"MinusTick","i":"614c8f86-ef6b-5718-97c8-5d923150c778","BT":false,"RPI":false,"seq":491031889089},{"T":1764607524710,"s":"BTCUSDT","S":"Sell","v":"0.001","p":"85081.60","L":"ZeroMinusTick","i":"d747d2b6-31a9-5020-9746-c3393f75304c","BT":false,"RPI":false,"seq":491031889089},{"T":1764607524710,"s":"BTCUSDT","S":"Sell","v":"0.001","p":"85080.10","L":"MinusTick","i":"bc0bd2e6-3f64-5c47-992c-5b0d0fdc0aeb","BT":false,"RPI":false,"seq":491031889089},{"T":1764607524710,"s":"BTCUSDT","S":"Sell","v":"0.002","p":"85080.00","L":"MinusTick","i":"6e6636e5-cd20-5c83-be0d-0f891e435c6c","BT":false,"RPI":false,"seq":491031889089},{"T":1764607524710,"s":"BTCUSDT","S":"Sell","v":"0.001","p":"85080.00","L":"ZeroMinusTick","i":"70f07e0d-d544-554f-b4af-2784486e98cb","BT":false,"RPI":false,"seq":491031889089},{"T":1764607524710,"s":"BTCUSDT","S":"Sell","v":"0.001","p":"85080.00","L":"ZeroMinusTick","i":"a6719bd5-9d40-56cb-b9a8-2d09fed229d7","BT":false,"RPI":false,"seq":491031889089},{"T":1764607524710,"s":"BTCUSDT","S":"Sell","v":"0.002","p":"85080.00","L":"ZeroMinusTick","i":"82654e19-52a1-5335-bc65-0c9299e4812d","BT":false,"RPI":false,"seq":491031889089},{"T":1764607524918,"s":"BTCUSDT","S":"Sell","v":"0.029","p":"85080.00","L":"ZeroMinusTick","i":"1c6f2edf-5872-556b-b7fd-e5ed3fd02345","BT":false,"RPI":false,"seq":491031892112},{"T":1764607524918,"s":"BTCUSDT","S":"Sell","v":"0.001","p":"85080.00","L":"ZeroMinusTick","i":"6b869cc3-d258-5e10-84bb-937c932d540f","BT":false,"RPI":false,"seq":491031892116},{"T":1764607524973,"s":"BTCUSDT","S":"Sell","v":"0.059","p":"85080.00","L":"ZeroMinusTick","i":"8e8d61e0-167f-5e69-93a8-908bf708a664","BT":false,"RPI":false,"seq":491031893944},{"T":1764607524981,"s":"BTCUSDT","S":"Sell","v":"0.209","p":"85080.00","L":"ZeroMinusTick","i":"5cf0c482-5a86-5e14-8e41-4fd4a90d7433","BT":false,"RPI":false,"seq":491031894088},{"T":1764607524981,"s":"BTCUSDT","S":"Sell","v":"0.001","p":"85080.00","L":"ZeroMinusTick","i":"08cd87cc-5c00-5607-b6ea-3bad7fd7e5b4","BT":false,"RPI":false,"seq":491031894088},{"T":1764607524981,"s":"BTCUSDT","S":"Sell","v":"0.001","p":"85080.00","L":"ZeroMinusTick","i":"ea1b93d0-6ad4-5347-9b5e-acd61659bd99","BT":false,"RPI":false,"seq":491031894088},{"T":1764607524981,"s":"BTCUSDT","S":"Sell","v":"0.036","p":"85080.00","L":"ZeroMinusTick","i":"d933e222-56d2-532f-81a5-887122627f51","BT":false,"RPI":false,"seq":491031894088},{"T":1764607524997,"s":"BTCUSDT","S":"Sell","v":"0.149","p":"85080.00","L":"ZeroMinusTick","i":"8b8d9722-ac94-5967-96bf-9ef97c37b022","BT":false,"RPI":false,"seq":491031894259},{"T":1764607524997,"s":"BTCUSDT","S":"Sell","v":"0.001","p":"85080.00","L":"ZeroMinusTick","i":"9710b608-aac7-5b5e-9363-495c6a02aea3","BT":false,"RPI":false,"seq":491031894259},{"T":1764607524997,"s":"BTCUSDT","S":"Sell","v":"0.005","p":"85080.00","L":"ZeroMinusTick","i":"a9130c47-952f-53fd-8643-dec0bad84069","BT":false,"RPI":false,"seq":491031894259},{"T":1764607524997,"s":"BTCUSDT","S":"Sell","v":"0.001","p":"85080.00","L":"ZeroMinusTick","i":"d87a2f92-4e14-5f41-9f4e-15c0cf7c2247","BT":false,"RPI":false,"seq":491031894259},{"T":1764607524997,"s":"BTCUSDT","S":"Sell","v":"0.003","p":"85079.90","L":"MinusTick","i":"f03ca774-af0d-5949-a416-112969661d63","BT":false,"RPI":false,"seq":491031894259},{"T":1764607524997,"s":"BTCUSDT","S":"Sell","v":"0.001","p":"85079.40","L":"MinusTick","i":"22db7bdc-7834-5146-949e-744ee620101e","BT":false,"RPI":false,"seq":491031894259},{"T":1764607525001,"s":"BTCUSDT","S":"Sell","v":"0.068","p":"85078.80","L":"MinusTick","i":"4ed857a6-b707-50b3-8223-588843387bac","BT":false,"RPI":false,"seq":491031894779},{"T":1764607525016,"s":"BTCUSDT","S":"Sell","v":"0.007","p":"85078.80","L":"ZeroMinusTick","i":"f74b1793-0721-552a-8459-f0a597266531","BT":false,"RPI":false,"seq":491031895647},{"T":1764607525019,"s":"BTCUSDT","S":"Sell","v":"0.008","p":"85078.80","L":"ZeroMinusTick","i":"2a071f01-4c2b-5d60-b78c-257b5290d287","BT":false,"RPI":false,"seq":491031895832},{"T":1764607525020,"s":"BTCUSDT","S":"Sell","v":"0.117","p":"85078.80","L":"ZeroMinusTick","i":"5b1c79e7-b047-5732-92ea-12f530f7e626","BT":false,"RPI":false,"seq":491031895835},{"T":1764607525020,"s":"BTCUSDT","S":"Sell","v":"0.010","p":"85078.80","L":"ZeroMinusTick","i":"833723f6-61cf-5a6d-b490-e25299225cd3","BT":false,"RPI":false,"seq":491031895835},{"T":1764607525020,"s":"BTCUSDT","S":"Sell","v":"0.007","p":"85078.80","L":"ZeroMinusTick","i":"9ff777ac-3c0b-55da-bd21-1131ba3394df","BT":false,"RPI":false,"seq":491031895836},{"T":1764607525020,"s":"BTCUSDT","S":"Sell","v":"0.533","p":"85078.80","L":"ZeroMinusTick","i":"e71bd9ea-c533-51ab-9404-c10afdc50f5b","BT":false,"RPI":false,"seq":491031895838},{"T":1764607525020,"s":"BTCUSDT","S":"Sell","v":"0.001","p":"85078.80","L":"ZeroMinusTick","i":"f4884ad3-9eba-58ff-b146-43547f4a6dd3","BT":false,"RPI":false,"seq":491031895838},{"T":1764607525020,"s":"BTCUSDT","S":"Sell","v":"0.001","p":"85078.50","L":"MinusTick","i":"e40bee13-7183-54d2-8f74-48a664b5b15b","BT":false,"RPI":false,"seq":491031895838},{"T":1764607525020,"s":"BTCUSDT","S":"Sell","v":"0.005","p":"85078.00","L":"MinusTick","i":"ce554a81-5e56-5ec3-b001-850da3d135d8","BT":false,"RPI":false,"seq":491031895840},{"T":1764607525020,"s":"BTCUSDT","S":"Sell","v":"0.001","p":"85077.60","L":"MinusTick","i":"2c0c5e1c-b03c-5e91-9301-1c481d2a8b7d","BT":false,"RPI":false,"seq":491031895840},{"T":1764607525020,"s":"BTCUSDT","S":"Sell","v":"0.001","p":"85077.00","L":"MinusTick","i":"dfd546de-1b86-548f-aad1-644cfe7237e3","BT":false,"RPI":false,"seq":491031895840},{"T":1764607525020,"s":"BTCUSDT","S":"Sell","v":"0.001","p":"85077.00","L":"ZeroMinusTick","i":"774ac7a5-f715-5750-8ec9-81c82bc279ad","BT":false,"RPI":false,"seq":491031895840},{"T":1764607525020,"s":"BTCUSDT","S":"Sell","v":"0.001","p":"85075.80","L":"MinusTick","i":"8d1999dc-f9c9-5314-b7ab-907dde1da55a","BT":false,"RPI":false,"seq":491031895840},{"T":1764607525020,"s":"BTCUSDT","S":"Sell","v":"0.001","p":"85075.30","L":"MinusTick","i":"aa24f033-7dbd-5633-a57c-5922146d1fea","BT":false,"RPI":false,"seq":491031895840},{"T":1764607525020,"s":"BTCUSDT","S":"Sell","v":"0.108","p":"85075.00","L":"MinusTick","i":"f46c9892-52e1-509f-a81e-4762ff8e1eb5","BT":false,"RPI":false,"seq":491031895840},{"T":1764607525027,"s":"BTCUSDT","S":"Sell","v":"0.002","p":"85075.00","L":"ZeroMinusTick","i":"c5cd0b18-12f2-58db-a60c-fe15ae44b4e7","BT":false,"RPI":false,"seq":491031897097},{"T":1764607525143,"s":"BTCUSDT","S":"Sell","v":"0.001","p":"85075.00","L":"ZeroMinusTick","i":"b277a2ed-386c-5461-bbde-9df188112bac","BT":false,"RPI":false,"seq":491031899730},{"T":1764607525204,"s":"BTCUSDT","S":"Sell","v":"0.069","p":"85075.00","L":"ZeroMinusTick","i":"598ab957-104d-5e9c-9ca1-efa0ab102fa4","BT":false,"RPI":false,"seq":491031900296},{"T":1764607525498,"s":"BTCUSDT","S":"Sell","v":"0.001","p":"85075.00","L":"ZeroMinusTick","i":"3b9e50e5-b9cc-54af-9ee4-d349c4e8c823","BT":false,"RPI":false,"seq":491031901857},{"T":1764607525577,"s":"BTCUSDT","S":"Buy","v":"0.048","p":"85075.10","L":"PlusTick","i":"ff3f259b-3daa-5fdd-8282-c249196a14b8","BT":false,"RPI":false,"seq":491031902184},{"T":1764607525626,"s":"BTCUSDT","S":"Sell","v":"0.008","p":"85075.00","L":"MinusTick","i":"d5bec5c1-86eb-52ab-8e41-c9f22bda4ecf","BT":false,"RPI":false,"seq":491031902354},{"T":1764607525998,"s":"BTCUSDT","S":"Sell","v":"0.100","p":"85075.00","L":"ZeroMinusTick","i":"8d893449-8ef9-5330-bfd8-7043b466d9b1","BT":false,"RPI":false,"seq":491031903511},{"T":1764607526003,"s":"BTCUSDT","S":"Sell","v":"0.005","p":"85075.00","L":"ZeroMinusTick","i":"d88becca-18c9-595c-a71e-adad3f40e35e","BT":false,"RPI":false,"seq":491031903548},{"T":1764607526055,"s":"BTCUSDT","S":"Buy","v":"0.011","p":"85075.10","L":"PlusTick","i":"23c9844e-5946-59c6-be91-47addf441bb0","BT":false,"RPI":false,"seq":491031903779},{"T":1764607526080,"s":"BTCUSDT","S":"Sell","v":"0.001","p":"85075.00","L":"MinusTick","i":"4d28a10d-a6d7-57f8-aab8-17a9d8753140","BT":false,"RPI":false,"seq":491031903904},{"T":1764607526175,"s":"BTCUSDT","S":"Buy","v":"0.004","p":"85075.10","L":"PlusTick","i":"aa88138f-d172-5338-8ff6-31b84a100862","BT":false,"RPI":false,"seq":491031904108},{"T":1764607526266,"s":"BTCUSDT","S":"Buy","v":"0.052","p":"85075.10","L":"ZeroPlusTick","i":"4074309d-e06b-5df1-9475-dea1cfe9d7f2","BT":false,"RPI":false,"seq":491031904209},{"T":1764607526449,"s":"BTCUSDT","S":"Sell","v":"0.005","p":"85075.00","L":"MinusTick","i":"30749b8c-d1b7-5c0b-94f2-23a00b26e0c7","BT":false,"RPI":false,"seq":491031904440},{"T":1764607526449,"s":"BTCUSDT","S":"Sell","v":"0.001","p":"85075.00","L":"ZeroMinusTick","i":"4afa2d95-ff24-5ffa-9f1e-f2644e011460","BT":false,"RPI":false,"seq":491031904440},{"T":1764607526449,"s":"BTCUSDT","S":"Sell","v":"0.001","p":"85075.00","L":"ZeroMinusTick","i":"e8699198-8e12-510e-a726-0b05963bad66","BT":false,"RPI":false,"seq":491031904440},{"T":1764607526449,"s":"BTCUSDT","S":"Sell","v":"0.001","p":"85075.00","L":"ZeroMinusTick","i":"9badc62c-5fc6-5a5c-99d3-92acff8b64e9","BT":false,"RPI":false,"seq":491031904440},{"T":1764607526450,"s":"BTCUSDT","S":"Buy","v":"0.113","p":"85075.10","L":"PlusTick","i":"e43c616a-2800-5b0f-a6e8-11ea43ca3932","BT":false,"RPI":false,"seq":491031904442},{"T":1764607526565,"s":"BTCUSDT","S":"Sell","v":"0.007","p":"85075.00","L":"MinusTick","i":"7e9ed24c-5125-593e-a3ce-9c84cc007337","BT":false,"RPI":false,"seq":491031904654},{"T":1764607526601,"s":"BTCUSDT","S":"Sell","v":"0.040","p":"85075.00","L":"ZeroMinusTick","i":"a7bce011-f49b-54d5-9547-22aa774facd6","BT":false,"RPI":false,"seq":491031904720}]},"ETHUSDT":{"trades":[{"T":1764607516351,"s":"ETHUSDT","S":"Sell","v":"0.78","p":"2746.04","L":"ZeroMinusTick","i":"9e13ddb4-f38e-5b8e-84a3-12ac415d5d31","BT":false,"RPI":false,"seq":336972423707},{"T":1764607516351,"s":"ETHUSDT","S":"Sell","v":"0.01","p":"2746.04","L":"ZeroMinusTick","i":"686a2571-3192-538a-83bc-4bf428f7e162","BT":false,"RPI":false,"seq":336972423707},{"T":1764607516351,"s":"ETHUSDT","S":"Sell","v":"0.01","p":"2746.01","L":"MinusTick","i":"29c38607-4778-55d1-a687-27996b1ae4b4","BT":false,"RPI":false,"seq":336972423707},{"T":1764607516351,"s":"ETHUSDT","S":"Sell","v":"0.01","p":"2746.01","L":"ZeroMinusTick","i":"0698b021-39da-5906-9576-3b86fb139440","BT":false,"RPI":false,"seq":336972423707},{"T":1764607516351,"s":"ETHUSDT","S":"Sell","v":"0.01","p":"2746.00","L":"MinusTick","i":"123111c2-32eb-5238-917e-95cb87994396","BT":false,"RPI":false,"seq":336972423707},{"T":1764607516351,"s":"ETHUSDT","S":"Sell","v":"0.50","p":"2746.00","L":"ZeroMinusTick","i":"49be301a-85ee-5a8c-bbf5-63dc6efe6635","BT":false,"RPI":false,"seq":336972423707},{"T":1764607516351,"s":"ETHUSDT","S":"Sell","v":"0.01","p":"2745.99","L":"MinusTick","i":"c08ee78a-be77-52c7-92a5-8f9c73ea160b","BT":false,"RPI":false,"seq":336972423707},{"T":1764607516351,"s":"ETHUSDT","S":"Sell","v":"0.03","p":"2745.99","L":"ZeroMinusTick","i":"d6777f90-af09-5d11-8bdd-d617a68de7f0","BT":false,"RPI":false,"seq":336972423707},{"T":1764607516351,"s":"ETHUSDT","S":"Sell","v":"0.01","p":"2745.96","L":"MinusTick","i":"29cf10b9-8345-5269-9ffc-e70d3a2c6af3","BT":false,"RPI":false,"seq":336972423707},{"T":1764607516351,"s":"ETHUSDT","S":"Sell","v":"0.01","p":"2745.92","L":"MinusTick","i":"2c64693c-7967-5406-a9e6-0bdc1224c09c","BT":false,"RPI":false,"seq":336972423707},{"T":1764607516351,"s":"ETHUSDT","S":"Sell","v":"0.01","p":"2745.90","L":"MinusTick","i":"f3dfc540-9549-562e-9691-6b748f0ba55c","BT":false,"RPI":false,"seq":336972423707},{"T":1764607516351,"s":"ETHUSDT","S":"Sell","v":"0.01","p":"2745.86","L":"MinusTick","i":"cdf5f6f8-3e2e-560c-bc2b-8b447dd2a077","BT":false,"RPI":false,"seq":336972423707},{"T":1764607516351,"s":"ETHUSDT","S":"Sell","v":"0.01","p":"2745.85","L":"MinusTick","i":"93213959-7ff1-52bb-9b2f-c5250910d756","BT":false,"RPI":false,"seq":336972423707},{"T":1764607516351,"s":"ETHUSDT","S":"Sell","v":"0.01","p":"2745.85","L":"ZeroMinusTick","i":"c96aad2d-204c-5941-8e2e-0521229d178b","BT":false,"RPI":false,"seq":336972423707},{"T":1764607516351,"s":"ETHUSDT","S":"Sell","v":"0.22","p":"2745.83","L":"MinusTick","i":"7db01fb7-cb31-5ab5-9cb3-c148674aa632","BT":false,"RPI":false,"seq":336972423707},{"T":1764607516351,"s":"ETHUSDT","S":"Sell","v":"0.01","p":"2745.76","L":"MinusTick","i":"d3a9f36c-47de-5f79-8ec9-433397e44c40","BT":false,"RPI":false,"seq":336972423707},{"T":1764607516351,"s":"ETHUSDT","S":"Sell","v":"0.07","p":"2745.75","L":"MinusTick","i":"e0333456-5421-5553-a32e-6889aa7d34df","BT":false,"RPI":false,"seq":336972423707},{"T":1764607516351,"s":"ETHUSDT","S":"Sell","v":"0.01","p":"2745.75","L":"ZeroMinusTick","i":"45004bb2-b1df-5eba-9eac-9f06abb8de8d","BT":false,"RPI":false,"seq":336972423707},{"T":1764607516351,"s":"ETHUSDT","S":"Sell","v":"0.03","p":"2745.75","L":"ZeroMinusTick","i":"c9eead4f-dff9-5f54-9190-994b482f1a30","BT":false,"RPI":false,"seq":336972423707},{"T":1764607516351,"s":"ETHUSDT","S":"Sell","v":"0.01","p":"2745.73","L":"MinusTick","i":"dd0a1a91-09a9-5678-a870-b2338a1815c8","BT":false,"RPI":false,"seq":336972423707},{"T":1764607516351,"s":"ETHUSDT","S":"Sell","v":"0.01","p":"2745.71","L":"MinusTick","i":"3dc391b6-be77-5a2d-be3e-7599349c9795","BT":false,"RPI":false,"seq":336972423707},{"T":1764607516351,"s":"ETHUSDT","S":"Sell","v":"0.01","p":"2745.71","L":"ZeroMinusTick","i":"49ba4e23-32bc-513d-998a-037a7e0c0937","BT":false,"RPI":false,"seq":336972423707},{"T":1764607516351,"s":"ETHUSDT","S":"Sell","v":"0.02","p":"2745.70","L":"MinusTick","i":"25f2238e-e723-5268-8c5c-e958a02116eb","BT":false,"RPI":false,"seq":336972423707},{"T":1764607516351,"s":"ETHUSDT","S":"Sell","v":"0.07","p":"2745.68","L":"MinusTick","i":"c1af193f-a239-5444-bfaa-99e9b2a05b3b","BT":false,"RPI":false,"seq":336972423707},{"T":1764607516351,"s":"ETHUSDT","S":"Sell","v":"1.38","p":"2745.68","L":"ZeroMinusTick","i":"1f87a097-9d88-5954-8a7c-81c198e164a7","BT":false,"RPI":false,"seq":336972423707},{"T":1764607516436,"s":"ETHUSDT","S":"Buy","v":"0.01","p":"2745.71","L":"PlusTick","i":"c70ce036-65f1-5ea6-9f10-85b66968a89c","BT":false,"RPI":false,"seq":336972424982},{"T":1764607516436,"s":"ETHUSDT","S":"Buy","v":"0.01","p":"2745.71","L":"ZeroPlusTick","i":"82e31279-cec2-502b-9677-93dcf5e92585","BT":false,"RPI":false,"seq":336972424982},{"T":1764607516436,"s":"ETHUSDT","S":"Buy","v":"0.01","p":"2745.71","L":"ZeroPlusTick","i":"cc40826e-73ad-54e9-bce1-d9f17dbd584b","BT":false,"RPI":false,"seq":336972424982},{"T":1764607516436,"s":"ETHUSDT","S":"Buy","v":"0.03","p":"2745.71","L":"ZeroPlusTick","i":"e498ec8f-45c8-57c4-a7d6-0924f2bd91d2","BT":false,"RPI":false,"seq":336972424982},{"T":1764607516436,"s":"ETHUSDT","S":"Buy","v":"0.01","p":"2745.89","L":"PlusTick","i":"d8a1723c-02fb-5e0f-b33d-525f067c532f","BT":false,"RPI":false,"seq":336972424982},{"T":1764607516436,"s":"ETHUSDT","S":"Buy","v":"0.01","p":"2745.89","L":"ZeroPlusTick","i":"9ac59c17-3d6c-54f8-99c2-e71b94a66812","BT":false,"RPI":false,"seq":336972424982},{"T":1764607516436,"s":"ETHUSDT","S":"Buy","v":"0.02","p":"2745.90","L":"PlusTick","i":"f8ddbf55-b2c4-59d4-a583-654371fdf657","BT":false,"RPI":false,"seq":336972424982},{"T":1764607516436,"s":"ETHUSDT","S":"Buy","v":"0.01","p":"2745.92","L":"PlusTick","i":"364f8cf7-25e6-5852-9cab-f20268ea3b83","BT":false,"RPI":false,"seq":336972424982},{"T":1764607516436,"s":"ETHUSDT","S":"Buy","v":"0.01","p":"2745.96","L":"PlusTick","i":"58841f12-cad5-563c-9539-4d3c899dbf13","BT":false,"RPI":false,"seq":336972424982},{"T":1764607516436,"s":"ETHUSDT","S":"Buy","v":"0.01","p":"2746.00","L":"PlusTick","i":"00e7699c-5a76-52ab-8c71-6f14b75442a6","BT":false,"RPI":false,"seq":336972424982},{"T":1764607516436,"s":"ETHUSDT","S":"Buy","v":"5.42","p":"2746.02","L":"PlusTick","i":"e9b81536-5a4d-5859-aff7-eca5f67d1548","BT":false,"RPI":false,"seq":336972424982},{"T":1764607516436,"s":"ETHUSDT","S":"Buy","v":"0.05","p":"2746.02","L":"ZeroPlusTick","i":"036ae8ea-1d0f-540b-9ee1-68f3e97f1722","BT":false,"RPI":false,"seq":336972424982},{"T":1764607516436,"s":"ETHUSDT","S":"Buy","v":"0.01","p":"2746.03","L":"PlusTick","i":"44b3c4c1-002e-5d5a-8467-df8f3a233505","BT":false,"RPI":false,"seq":336972424982},{"T":1764607516436,"s":"ETHUSDT","S":"Buy","v":"0.01","p":"2746.03","L":"ZeroPlusTick","i":"16338f2c-bafd-5c92-a0f3-acd162ae7810","BT":false,"RPI":false,"seq":336972424982},{"T":1764607516436,"s":"ETHUSDT","S":"Buy","v":"0.01","p":"2746.05","L":"PlusTick","i":"a56953c5-3f85-5f11-92a4-c6943d4a275a","BT":false,"RPI":false,"seq":336972424982},{"T":1764607516436,"s":"ETHUSDT","S":"Buy","v":"0.01","p":"2746.05","L":"ZeroPlusTick","i":"971c30a8-b16a-5809-8bfc-09ca0bfd73b2","BT":false,"RPI":false,"seq":336972424982},{"T":1764607516436,"s":"ETHUSDT","S":"Buy","v":"0.01","p":"2746.05","L":"ZeroPlusTick","i":"ac8e9d49-3a6b-5772-8dc8-86bc68cfa067","BT":false,"RPI":false,"seq":336972424982},{"T":1764607516436,"s":"ETHUSDT","S":"Buy","v":"0.50","p":"2746.07","L":"PlusTick","i":"008cece1-896c-5b30-b9df-bd7086d35202","BT":false,"RPI":false,"seq":336972424982},{"T":1764607516792,"s":"ETHUSDT","S":"Sell","v":"0.30","p":"2746.07","L":"ZeroPlusTick","i":"9099cd00-1a69-59b8-a4bc-038f6e80b499","BT":false,"RPI":false,"seq":336972427711},{"T":1764607516803,"s":"ETHUSDT","S":"Sell","v":"0.05","p":"2746.07","L":"ZeroPlusTick","i":"e97fdeb4-8762-578b-8e5c-9e691ec09630","BT":false,"RPI":false,"seq":336972427737},{"T":1764607516803,"s":"ETHUSDT","S":"Sell","v":"0.15","p":"2746.07","L":"ZeroPlusTick","i":"a1ccd077-afe5-55e9-9c0e-62d492deef32","BT":false,"RPI":false,"seq":336972427737},{"T":1764607517272,"s":"ETHUSDT","S":"Sell","v":"1.88","p":"2746.07","L":"ZeroPlusTick","i":"4ed42fdc-df3e-5d68-a8e1-8c44346cc1ba","BT":false,"RPI":false,"seq":336972428173},{"T":1764607517422,"s":"ETHUSDT","S":"Sell","v":"0.59","p":"2746.07","L":"ZeroPlusTick","i":"ef329e1e-e784-571f-b231-7c7b36754100","BT":false,"RPI":false,"seq":336972428566},{"T":1764607517460,"s":"ETHUSDT","S":"Buy","v":"0.01","p":"2746.08","L":"PlusTick","i":"802236d5-554a-5be1-833d-7bcf61209694","BT":false,"RPI":false,"seq":336972428694},{"T":1764607517460,"s":"ETHUSDT","S":"Buy","v":"0.01","p":"2746.08","L":"ZeroPlusTick","i":"e9534648-a5bd-54d6-bbe4-f47eb568eeef","BT":false,"RPI":false,"seq":336972428694},{"T":1764607517460,"s":"ETHUSDT","S":"Buy","v":"0.06","p":"2746.08","L":"ZeroPlusTick","i":"8e7ba64a-e78e-57a0-9486-cf37302864ce","BT":false,"RPI":false,"seq":336972428694},{"T":1764607517460,"s":"ETHUSDT","S":"Buy","v":"0.01","p":"2746.08","L":"ZeroPlusTick","i":"6ac8016e-9adc-5056-94d5-ce0ee357f03a","BT":false,"RPI":false,"seq":336972428694},{"T":1764607517460,"s":"ETHUSDT","S":"Buy","v":"0.03","p":"2746.08","L":"ZeroPlusTick","i":"19b4c672-a23c-5a44-a520-616473472403","BT":false,"RPI":false,"seq":336972428694},{"T":1764607517460,"s":"ETHUSDT","S":"Buy","v":"0.17","p":"2746.08","L":"ZeroPlusTick","i":"5a2bda46-f4dd-5a18-ac8b-0d2561e1b770","BT":false,"RPI":false,"seq":336972428694},{"T":1764607517611,"s":"ETHUSDT","S":"Buy","v":"0.54","p":"2746.08","L":"ZeroPlusTick","i":"8604b0c2-08b8-54ba-8acb-1bb88fc19b85","BT":false,"RPI":false,"seq":336972429238},{"T":1764607518376,"s":"ETHUSDT","S":"Buy","v":"0.20","p":"2746.08","L":"ZeroPlusTick","i":"e9b83c19-2f88-56bb-8945-67f50cf831cc","BT":false,"RPI":false,"seq":336972430896},{"T":1764607518376,"s":"ETHUSDT","S":"Buy","v":"0.01","p":"2746.08","L":"ZeroPlusTick","i":"15a359f6-c4a9-5de3-8566-252ce2415167","BT":false,"RPI":false,"seq":336972430896},{"T":1764607518376,"s":"ETHUSDT","S":"Buy","v":"0.01","p":"2746.08","L":"ZeroPlusTick","i":"0c083086-8e55-543f-b270-fce18cb7ec43","BT":false,"RPI":false,"seq":336972430896},{"T":1764607518376,"s":"ETHUSDT","S":"Buy","v":"3.89","p":"2746.08","L":"ZeroPlusTick","i":"d16916f8-2a70-5783-981e-49a86e0cd1dc","BT":false,"RPI":false,"seq":336972430896},{"T":1764607518376,"s":"ETHUSDT","S":"Buy","v":"0.04","p":"2746.08","L":"ZeroPlusTick","i":"3cbe212e-d78c-5cd4-810b-e43e7d52b88f","BT":false,"RPI":false,"seq":336972430896},{"T":1764607518376,"s":"ETHUSDT","S":"Buy","v":"0.01","p":"2746.08","L":"ZeroPlusTick","i":"0ff829ad-f803-51af-86a9-87e5315f84a3","BT":false,"RPI":false,"seq":336972430896},{"T":1764607518376,"s":"ETHUSDT","S":"Buy","v":"0.73","p":"2746.08","L":"ZeroPlusTick","i":"1589c1dd-1517-51c9-9942-cd0a7d2e20c8","BT":false,"RPI":false,"seq":336972430896},{"T":1764607518376,"s":"ETHUSDT","S":"Buy","v":"0.08","p":"2746.08","L":"ZeroPlusTick","i":"95df0f7b-3560-5174-b0ef-1132ce6fcc4f","BT":false,"RPI":false,"seq":336972430896},{"T":1764607518376,"s":"ETHUSDT","S":"Buy","v":"0.63","p":"2746.08","L":"ZeroPlusTick","i":"3fe680f9-9832-5c90-8f1a-505f6fc09011","BT":false,"RPI":false,"seq":336972430896},{"T":1764607518376,"s":"ETHUSDT","S":"Buy","v":"0.18","p":"2746.08","L":"ZeroPlusTick","i":"151bb960-e357-50ac-963e-b47f82acb46e","BT":false,"RPI":false,"seq":336972430896},{"T":1764607518376,"s":"ETHUSDT","S":"Buy","v":"0.04","p":"2746.10","L":"PlusTick","i":"e5145f93-0848-5fd5-8bb5-e6837a982c4d","BT":false,"RPI":false,"seq":336972430896},{"T":1764607518376,"s":"ETHUSDT","S":"Buy","v":"0.02","p":"2746.12","L":"PlusTick","i":"082ee68e-cb41-5817-8df1-e7295f5cbf0d","BT":false,"RPI":false,"seq":336972430896},{"T":1764607518376,"s":"ETHUSDT","S":"Buy","v":"0.02","p":"2746.14","L":"PlusTick","i":"068e25ad-8555-5e13-872e-9509b105f155","BT":false,"RPI":false,"seq":336972430896},{"T":1764607518376,"s":"ETHUSDT","S":"Buy","v":"0.01","p":"2746.17","L":"PlusTick","i":"610e5655-590d-5831-bd91-ec9c7d698021","BT":false,"RPI":false,"seq":336972430896},{"T":1764607518376,"s":"ETHUSDT","S":"Buy","v":"0.01","p":"2746.17","L":"ZeroPlusTick","i":"2a659a43-c9df-58df-837d-ff29d38268b0","BT":false,"RPI":false,"seq":336972430896},{"T":1764607518376,"s":"ETHUSDT","S":"Buy","v":"0.02","p":"2746.17","L":"ZeroPlusTick","i":"2a89b01e-c6ef-5bc9-bc7b-f83ff8f49811","BT":false,"RPI":false,"seq":336972430896},{"T":1764607518376,"s":"ETHUSDT","S":"Buy","v":"0.02","p":"2746.20","L":"PlusTick","i":"8198f4f1-0491-5e0f-b626-cd2124d94d4f","BT":false,"RPI":false,"seq":336972430896},{"T":1764607518376,"s":"ETHUSDT","S":"Buy","v":"0.02","p":"2746.20","L":"ZeroPlusTick","i":"eeda9d5c-1924-5e8a-960e-78a46877e01b","BT":false,"RPI":false,"seq":336972430896},{"T":1764607518376,"s":"ETHUSDT","S":"Buy","v":"1.16","p":"2746.22","L":"PlusTick","i":"f6c706e4-f8be-52d3-9fbc-c81157524d03","BT":false,"RPI":false,"seq":336972430896},{"T":1764607518376,"s":"ETHUSDT","S":"Buy","v":"0.14","p":"2746.23","L":"PlusTick","i":"a7699e40-4149-5686-9fc8-c101e299adf3","BT":false,"RPI":false,"seq":336972430896},{"T":1764607518518,"s":"ETHUSDT","S":"Sell","v":"0.01","p":"2746.22","L":"MinusTick","i":"cf5759b2-2aa7-5563-ac78-57056e755526","BT":false,"RPI":false,"seq":336972431867},{"T":1764607518578,"s":"ETHUSDT","S":"Sell","v":"0.07","p":"2746.22","L":"ZeroMinusTick","i":"9d1ed0ab-b627-5db3-91e9-ed8d1422fbb1","BT":false,"RPI":false,"seq":336972432053},{"T":1764607518864,"s":"ETHUSDT","S":"Sell","v":"0.01","p":"2746.22","L":"ZeroMinusTick","i":"823c9e83-a982-5755-a5e9-c6f625cdbc7d","BT":false,"RPI":false,"seq":336972432989},{"T":1764607518864,"s":"ETHUSDT","S":"Sell","v":"0.01","p":"2746.22","L":"ZeroMinusTick","i":"a9456637-1785-580f-9a2a-5914085346f5","BT":false,"RPI":false,"seq":336972432989},{"T":1764607519546,"s":"ETHUSDT","S":"Sell","v":"0.02","p":"2746.22","L":"ZeroMinusTick","i":"c987b086-e9a5-59c6-8253-1f48f7ab5a7b","BT":false,"RPI":false,"seq":336972434637},{"T":1764607519546,"s":"ETHUSDT","S":"Sell","v":"0.46","p":"2746.22","L":"ZeroMinusTick","i":"8f88385b-fcda-5f94-9e4b-e1832e15d8c9","BT":false,"RPI":false,"seq":336972434637},{"T":1764607519547,"s":"ETHUSDT","S":"Sell","v":"0.54","p":"2746.22","L":"ZeroMinusTick","i":"34aa92dc-0a1c-53d9-b5fb-433f3cb07505","BT":false,"RPI":false,"seq":336972434645},{"T":1764607519547,"s":"ETHUSDT","S":"Sell","v":"0.14","p":"2746.22","L":"ZeroMinusTick","i":"d32ffe5d-e4f2-57a0-a6ff-970c339ca55f","BT":false,"RPI":false,"seq":336972434645},{"T":1764607519547,"s":"ETHUSDT","S":"Sell","v":"1.97","p":"2746.22","L":"ZeroMinusTick","i":"95ec493d-0632-5444-ad33-6752ac00c674","BT":false,"RPI":false,"seq":336972434648},{"T":1764607519547,"s":"ETHUSDT","S":"Sell","v":"0.50","p":"2746.22","L":"ZeroMinusTick","i":"062e0591-a458-5c80-806e-7541b9095552","BT":false,"RPI":false,"seq":336972434648},{"T":1764607519547,"s":"ETHUSDT","S":"Sell","v":"0.01","p":"2746.22","L":"ZeroMinusTick","i":"a3a2aae6-0d17-5f33-b8ab-3f83a55a07db","BT":false,"RPI":false,"seq":336972434648},{"T":1764607519547,"s":"ETHUSDT","S":"Sell","v":"0.16","p":"2746.22","L":"ZeroMinusTick","i":"9e856548-8a14-5049-8159-0b9045eb7fff","BT":false,"RPI":false,"seq":336972434648},{"T":1764607519547,"s":"ETHUSDT","S":"Sell","v":"0.01","p":"2746.22","L":"ZeroMinusTick","i":"09530b04-ed7f-5658-95b3-e9ee1bf79a9c","BT":false,"RPI":false,"seq":336972434648},{"T":1764607519547,"s":"ETHUSDT","S":"Sell","v":"0.12","p":"2746.22","L":"ZeroMinusTick","i":"6d85e829-0335-575c-be94-08e9e583df96","BT":false,"RPI":false,"seq":336972434648},{"T":1764607519567,"s":"ETHUSDT","S":"Sell","v":"0.01","p":"2746.20","L":"MinusTick","i":"33a71ae2-8cc9-59ea-9aae-fd781281b5d2","BT":false,"RPI":false,"seq":336972435475},{"T":1764607519567,"s":"ETHUSDT","S":"Sell","v":"0.01","p":"2746.20","L":"ZeroMinusTick","i":"4b28053e-ff0c-519f-9e6b-30b59e5056e1","BT":false,"RPI":false,"seq":336972435475},{"T":1764607519567,"s":"ETHUSDT","S":"Sell","v":"0.02","p":"2746.18","L":"MinusTick","i":"501639bc-983d-51d9-94cb-94ca15a1b040","BT":false,"RPI":false,"seq":336972435475},{"T":1764607519577,"s":"ETHUSDT","S":"Sell","v":"0.01","p":"2746.08","L":"MinusTick","i":"1693f702-70d9-55bb-a5ef-8a583ba31f47","BT":false,"RPI":false,"seq":336972436059},{"T":1764607519577,"s":"ETHUSDT","S":"Sell","v":"0.01","p":"2746.07","L":"MinusTick","i":"3e64cb1d-3b2a-5fc8-acf6-08750c8a4fe7","BT":false,"RPI":false,"seq":336972436059},{"T":1764607519577,"s":"ETHUSDT","S":"Sell","v":"0.35","p":"2746.07","L":"ZeroMinusTick","i":"6b6dfceb-47a0-5d55-aac4-450b2c69d65d","BT":false,"RPI":false,"seq":336972436059},{"T":1764607519577,"s":"ETHUSDT","S":"Sell","v":"0.01","p":"2746.07","L":"ZeroMinusTick","i":"f7f975dc-961c-5ab7-a4e2-861142274d0b","BT":false,"RPI":false,"seq":336972436059},{"T":1764607519577,"s":"ETHUSDT","S":"Sell","v":"0.01","p":"2746.07","L":"ZeroMinusTick","i":"2122a711-f6d5-5652-adde-bc42ac2b9223","BT":false,"RPI":false,"seq":336972436059},{"T":1764607519616,"s":"ETHUSDT","S":"Sell","v":"0.01","p":"2746.00","L":"MinusTick","i":"044a70d7-cd8e-5b05-af95-c2d52e0a2e88","BT":false,"RPI":false,"seq":336972437240},{"T":1764607519616,"s":"ETHUSDT","S":"Sell","v":"0.03","p":"2746.00","L":"ZeroMinusTick","i":"a8bcc24e-cada-5970-a19b-ea642e683750","BT":false,"RPI":false,"seq":336972437240},{"T":1764607519674,"s":"ETHUSDT","S":"Sell","v":"0.32","p":"2746.00","L":"ZeroMinusTick","i":"9e7e8bd4-4b44-53b9-b737-ff37fb3c085c","BT":false,"RPI":false,"seq":336972437894},{"T":1764607521390,"s":"ETHUSDT","S":"Sell","v":"0.34","p":"2746.00","L":"ZeroMinusTick","i":"245250b0-b0f4-57f1-9287-8074809b0b2b","BT":false,"RPI":false,"seq":336972440268},{"T":1764607521390,"s":"ETHUSDT","S":"Sell","v":"1.37","p":"2746.00","L":"ZeroMinusTick","i":"970363fc-82f9-5481-a944-8d2edc982469","BT":false,"RPI":false,"seq":336972440269},{"T":1764607521390,"s":"ETHUSDT","S":"Sell","v":"1.51","p":"2746.00","L":"ZeroMinusTick","i":"c3e5a93d-41de-5c51-90bb-93bf9cb72a8b","BT":false,"RPI":false,"seq":336972440270},{"T":1764607521390,"s":"ETHUSDT","S":"Sell","v":"8.96","p":"2746.00","L":"ZeroMinusTick","i":"ffd9ed60-4c77-5891-a3f5-9883c069d631","BT":false,"RPI":false,"seq":336972440271},{"T":1764607521390,"s":"ETHUSDT","S":"Sell","v":"2.45","p":"2746.00","L":"ZeroMinusTick","i":"483b6f82-42e5-5c59-a864-d3d53ff84710","BT":false,"RPI":false,"seq":336972440272},{"T":1764607521390,"s":"ETHUSDT","S":"Sell","v":"1.46","p":"2746.00","L":"ZeroMinusTick","i":"ce83e29d-9ea6-5329-b95b-21d4de2d302b","BT":false,"RPI":false,"seq":336972440279},{"T":1764607521390,"s":"ETHUSDT","S":"Sell","v":"4.94","p":"2746.00","L":"ZeroMinusTick","i":"871f9ffc-a9db-5de8-ac5f-95714e762a58","BT":false,"RPI":false,"seq":336972440280},{"T":1764607521390,"s":"ETHUSDT","S":"Sell","v":"8.99","p":"2746.00","L":"ZeroMinusTick","i":"fdaebcf5-3cfe-57f5-87ff-5de958501c06","BT":false,"RPI":false,"seq":336972440281},{"T":1764607521390,"s":"ETHUSDT","S":"Sell","v":"0.02","p":"2746.00","L":"ZeroMinusTick","i":"13dc1f38-9087-5722-a994-48e068ae66c5","BT":false,"RPI":false,"seq":336972440282},{"T":1764607521390,"s":"ETHUSDT","S":"Sell","v":"3.14","p":"2746.00","L":"ZeroMinusTick","i":"dd5aa8bc-5bd7-5d00-8794-835178a7c1c1","BT":false,"RPI":false,"seq":336972440283},{"T":1764607521390,"s":"ETHUSDT","S":"Sell","v":"0.01","p":"2746.00","L":"ZeroMinusTick","i":"e641455a-5a41-57f7-bed7-57454712eba4","BT":false,"RPI":false,"seq":336972440283},{"T":1764607521390,"s":"ETHUSDT","S":"Sell","v":"0.10","p":"2746.00","L":"ZeroMinusTick","i":"2ee7a1c7-a8c2-572f-babd-9c1e389d73e9","BT":false,"RPI":false,"seq":336972440283},{"T":1764607521390,"s":"ETHUSDT","S":"Sell","v":"0.01","p":"2746.00","L":"ZeroMinusTick","i":"c8b7d668-abf0-5bf5-8348-5af7cd830b6c","BT":false,"RPI":false,"seq":336972440283},{"T":1764607521390,"s":"ETHUSDT","S":"Sell","v":"0.32","p":"2746.00","L":"ZeroMinusTick","i":"8717d9df-1940-5073-9f73-0b0daa52941a","BT":false,"RPI":false,"seq":336972440283},{"T":1764607521390,"s":"ETHUSDT","S":"Sell","v":"0.01","p":"2745.96","L":"MinusTick","i":"b5d98063-bb2c-518b-8d13-71d2abe2ab35","BT":false,"RPI":false,"seq":336972440283},{"T":1764607521390,"s":"ETHUSDT","S":"Sell","v":"0.01","p":"2745.90","L":"MinusTick","i":"5ae276a8-6b72-582c-a7ba-6f043fb885c6","BT":false,"RPI":false,"seq":336972440283},{"T":1764607521390,"s":"ETHUSDT","S":"Sell","v":"0.01","p":"2745.90","L":"ZeroMinusTick","i":"7b545942-0c82-5b09-9801-0cccf0d5bffe","BT":false,"RPI":false,"seq":336972440283},{"T":1764607521390,"s":"ETHUSDT","S":"Sell","v":"0.01","p":"2745.89","L":"MinusTick","i":"9f420753-2d08-5d4a-8bd8-f8355d6d1556","BT":false,"RPI":false,"seq":336972440285},{"T":1764607521390,"s":"ETHUSDT","S":"Sell","v":"0.01","p":"2745.89","L":"ZeroMinusTick","i":"5ef0b340-c530-562d-989f-8fb5d89ef2f8","BT":false,"RPI":false,"seq":336972440285},{"T":1764607521390,"s":"ETHUSDT","S":"Sell","v":"0.24","p":"2745.83","L":"MinusTick","i":"57c0a1e2-fefe-5d23-ac50-568560531ecc","BT":false,"RPI":false,"seq":336972440286},{"T":1764607521390,"s":"ETHUSDT","S":"Sell","v":"0.01","p":"2745.82","L":"MinusTick","i":"3beed731-c856-5870-bc91-8569f5283173","BT":false,"RPI":false,"seq":336972440286},{"T":1764607521398,"s":"ETHUSDT","S":"Sell","v":"0.01","p":"2745.72","L":"MinusTick","i":"cff264f2-25d4-597c-9d48-3cda7bf9ee8c","BT":false,"RPI":false,"seq":336972440978},{"T":1764607521398,"s":"ETHUSDT","S":"Sell","v":"0.01","p":"2745.71","L":"MinusTick","i":"aca83bac-23dc-5c02-b64b-2d0879043109","BT":false,"RPI":false,"seq":336972440978},{"T":1764607521398,"s":"ETHUSDT","S":"Sell","v":"0.01","p":"2745.71","L":"ZeroMinusTick","i":"200b5c5d-7a21-5ab6-bd12-2d3071d5a1f8","BT":false,"RPI":false,"seq":336972440978},{"T":1764607521398,"s":"ETHUSDT","S":"Sell","v":"0.01","p":"2745.70","L":"MinusTick","i":"752819e7-2825-5c54-b98d-63494f81299d","BT":false,"RPI":false,"seq":336972440978},{"T":1764607521398,"s":"ETHUSDT","S":"Sell","v":"0.02","p":"2745.70","L":"ZeroMinusTick","i":"e97a8ecd-c360-54d3-862d-edbf298ffcb0","BT":false,"RPI":false,"seq":336972440978},{"T":1764607521398,"s":"ETHUSDT","S":"Sell","v":"0.01","p":"2745.69","L":"MinusTick","i":"ab28ad49-8350-5c66-a924-1b856ce10b0e","BT":false,"RPI":false,"seq":336972440978},{"T":1764607521398,"s":"ETHUSDT","S":"Sell","v":"0.07","p":"2745.65","L":"MinusTick","i":"102f59db-9900-5ec3-99ba-a849c87fb5bb","BT":false,"RPI":false,"seq":336972440994},{"T":1764607521398,"s":"ETHUSDT","S":"Sell","v":"0.03","p":"2745.65","L":"ZeroMinusTick","i":"0966b5fc-f95f-50fa-8010-70f2faaa4795","BT":false,"RPI":false,"seq":336972440996},{"T":1764607521398,"s":"ETHUSDT","S":"Sell","v":"0.03","p":"2745.64","L":"MinusTick","i":"8c957825-19f6-5862-be14-ab99ebbdd5d8","BT":false,"RPI":false,"seq":336972440996},{"T":1764607521398,"s":"ETHUSDT","S":"Sell","v":"0.01","p":"2745.62","L":"MinusTick","i":"c9b1387f-c03f-51e8-94d2-28c4e713db93","BT":false,"RPI":false,"seq":336972440996},{"T":1764607521398,"s":"ETHUSDT","S":"Sell","v":"0.17","p":"2745.62","L":"ZeroMinusTick","i":"7744a5f7-5d19-5078-8eb1-d5f9f7cc3b81","BT":false,"RPI":false,"seq":336972440998},{"T":1764607521398,"s":"ETHUSDT","S":"Sell","v":"0.19","p":"2745.62","L":"ZeroMinusTick","i":"e5904fa1-b169-5e77-99bb-66e802a064ff","BT":false,"RPI":false,"seq":336972440998},{"T":1764607521399,"s":"ETHUSDT","S":"Sell","v":"0.07","p":"2745.62","L":"ZeroMinusTick","i":"27a8f61a-26ba-5e36-804d-0abd506969eb","BT":false,"RPI":false,"seq":336972441006},{"T":1764607521399,"s":"ETHUSDT","S":"Sell","v":"0.07","p":"2745.62","L":"ZeroMinusTick","i":"42f6246b-2a13-5f43-9b1c-8a9eca9a1638","BT":false,"RPI":false,"seq":336972441007},{"T":1764607521399,"s":"ETHUSDT","S":"Sell","v":"0.07","p":"2745.62","L":"ZeroMinusTick","i":"b8c22221-47f6-514d-817e-91dbc6d7139f","BT":false,"RPI":false,"seq":336972441010},{"T":1764607521399,"s":"ETHUSDT","S":"Sell","v":"0.07","p":"2745.62","L":"ZeroMinusTick","i":"5fa24e81-6200-5ec7-9342-0e0ad51c84c4","BT":false,"RPI":false,"seq":336972441016},{"T":1764607521399,"s":"ETHUSDT","S":"Sell","v":"0.07","p":"2745.62","L":"ZeroMinusTick","i":"da699eeb-b1aa-5fb7-8d27-1793693a5946","BT":false,"RPI":false,"seq":336972441017},{"T":1764607521399,"s":"ETHUSDT","S":"Sell","v":"0.07","p":"2745.62","L":"ZeroMinusTick","i":"91843266-cc39-5d25-a2eb-7b5a6ed3569f","BT":false,"RPI":false,"seq":336972441041},{"T":1764607521399,"s":"ETHUSDT","S":"Sell","v":"0.07","p":"2745.62","L":"ZeroMinusTick","i":"59612cd8-4631-586b-a80b-7a76f49d0bbf","BT":false,"RPI":false,"seq":336972441044},{"T":1764607521399,"s":"ETHUSDT","S":"Sell","v":"0.18","p":"2745.62","L":"ZeroMinusTick","i":"eab915bd-88ea-5676-a9f9-2e97b32dd340","BT":false,"RPI":false,"seq":336972441050},{"T":1764607521400,"s":"ETHUSDT","S":"Sell","v":"0.07","p":"2745.62","L":"ZeroMinusTick","i":"5414f25c-0714-5b4a-a7ee-582bc6adacf1","BT":false,"RPI":false,"seq":336972441193},{"T":1764607521460,"s":"ETHUSDT","S":"Sell","v":"1.09","p":"2745.62","L":"ZeroMinusTick","i":"1c260ce0-b491-5d29-8cfc-3fb4ec391765","BT":false,"RPI":false,"seq":336972442557},{"T":1764607521497,"s":"ETHUSDT","S":"Sell","v":"0.01","p":"2745.62","L":"ZeroMinusTick","i":"8362844d-6b27-588c-8d06-0067f75cfbf4","BT":false,"RPI":false,"seq":336972443231},{"T":1764607521497,"s":"ETHUSDT","S":"Sell","v":"0.01","p":"2745.62","L":"ZeroMinusTick","i":"3062d6db-6b1c-5699-a465-ed2dcbb87ccb","BT":false,"RPI":false,"seq":336972443231},{"T":1764607521497,"s":"ETHUSDT","S":"Sell","v":"0.12","p":"2745.62","L":"ZeroMinusTick","i":"ffe35d46-e9e1-5f81-804a-370439408a28","BT":false,"RPI":false,"seq":336972443231},{"T":1764607521497,"s":"ETHUSDT","S":"Sell","v":"0.01","p":"2745.60","L":"MinusTick","i":"a098b239-c178-5623-bc8f-4d0a17fbe680","BT":false,"RPI":false,"seq":336972443231},{"T":1764607521497,"s":"ETHUSDT","S":"Sell","v":"0.01","p":"2745.60","L":"ZeroMinusTick","i":"0fa4c64e-95ac-514a-86b3-a01dc03aec20","BT":false,"RPI":false,"seq":336972443231},{"T":1764607521497,"s":"ETHUSDT","S":"Sell","v":"0.01","p":"2745.60","L":"ZeroMinusTick","i":"5920a42e-6795-5a1c-8434-6d5b39383642","BT":false,"RPI":false,"seq":336972443231},{"T":1764607521497,"s":"ETHUSDT","S":"Sell","v":"0.01","p":"2745.54","L":"MinusTick","i":"03ac5281-8266-51e9-8ea6-26a9cad20006","BT":false,"RPI":false,"seq":336972443231},{"T":1764607521501,"s":"ETHUSDT","S":"Sell","v":"0.08","p":"2745.51","L":"MinusTick","i":"46e1b789-4557-500e-bba3-62b49f20d64f","BT":false,"RPI":false,"seq":336972443488},{"T":1764607521610,"s":"ETHUSDT","S":"Buy","v":"0.01","p":"2745.52","L":"PlusTick","i":"0c5d6391-fa74-5db2-b3ce-ab217cee4075","BT":false,"RPI":false,"seq":336972444474},{"T":1764607521610,"s":"ETHUSDT","S":"Buy","v":"0.01","p":"2745.52","L":"ZeroPlusTick","i":"551feb6a-3abe-5721-8507-5ce8b54b05cd","BT":false,"RPI":false,"seq":336972444474},{"T":1764607521610,"s":"ETHUSDT","S":"Buy","v":"0.01","p":"2745.52","L":"ZeroPlusTick","i":"1dcc9244-3a5d-5b18-be97-137fa7f8c897","BT":false,"RPI":false,"seq":336972444474},{"T":1764607521610,"s":"ETHUSDT","S":"Buy","v":"0.03","p":"2745.52","L":"ZeroPlusTick","i":"15049a71-d7fc-56d1-8ee3-2f2ce4f47dd8","BT":false,"RPI":false,"seq":336972444474},{"T":1764607521610,"s":"ETHUSDT","S":"Buy","v":"0.05","p":"2745.52","L":"ZeroPlusTick","i":"6f3cc530-bbeb-555e-99fe-9223097bdf90","BT":false,"RPI":false,"seq":336972444474},{"T":1764607522101,"s":"ETHUSDT","S":"Sell","v":"0.01","p":"2745.52","L":"ZeroPlusTick","i":"b2ee9733-a619-5754-848a-aaf0975265b8","BT":false,"RPI":false,"seq":336972446666},{"T":1764607522101,"s":"ETHUSDT","S":"Sell","v":"0.01","p":"2745.52","L":"ZeroPlusTick","i":"f5d6f9f5-162a-5e92-9f09-2ec2c5e97f66","BT":false,"RPI":false,"seq":336972446666},{"T":1764607522101,"s":"ETHUSDT","S":"Sell","v":"0.06","p":"2745.52","L":"ZeroPlusTick","i":"d15a5bba-627a-5ee1-9e89-374e235b79c2","BT":false,"RPI":false,"seq":336972446666},{"T":1764607522550,"s":"ETHUSDT","S":"Buy","v":"0.02","p":"2745.53","L":"PlusTick","i":"fb6e5a1a-5bc4-5c5d-93ab-bbe4a6e12681","BT":false,"RPI":false,"seq":336972448220},{"T":1764607522550,"s":"ETHUSDT","S":"Buy","v":"0.01","p":"2745.53","L":"ZeroPlusTick","i":"c11e022b-7558-544d-bec4-2fdc3d0eae9b","BT":false,"RPI":false,"seq":336972448220},{"T":1764607522550,"s":"ETHUSDT","S":"Buy","v":"0.02","p":"2745.53","L":"ZeroPlusTick","i":"d22768df-187e-586a-a1e6-936f3a7afceb","BT":false,"RPI":false,"seq":336972448220},{"T":1764607522712,"s":"ETHUSDT","S":"Sell","v":"0.02","p":"2745.52","L":"MinusTick","i":"4905e188-7f04-53dd-ae03-57bdfadd9906","BT":false,"RPI":false,"seq":336972448731},{"T":1764607522712,"s":"ETHUSDT","S":"Sell","v":"0.06","p":"2745.52","L":"ZeroMinusTick","i":"f16f47af-2420-5e81-9cc2-e187b51f0ff2","BT":false,"RPI":false,"seq":336972448731},{"T":1764607522769,"s":"ETHUSDT","S":"Sell","v":"0.01","p":"2745.52","L":"ZeroMinusTick","i":"cb82944e-85bd-5426-a9c6-1ddef5332317","BT":false,"RPI":false,"seq":336972448942},{"T":1764607522769,"s":"ETHUSDT","S":"Sell","v":"0.01","p":"2745.52","L":"ZeroMinusTick","i":"ee1be9c2-6567-5647-99c6-d4ea3de1b25a","BT":false,"RPI":false,"seq":336972448942},{"T":1764607522781,"s":"ETHUSDT","S":"Sell","v":"0.01","p":"2745.47","L":"MinusTick","i":"aa3054bf-bb77-55f4-b073-8e3a7fc49240","BT":false,"RPI":false,"seq":336972449579},{"T":1764607522781,"s":"ETHUSDT","S":"Sell","v":"0.01","p":"2745.47","L":"ZeroMinusTick","i":"44f9f8f3-76c5-5473-a5c4-78fc55e97552","BT":false,"RPI":false,"seq":336972449579},{"T":1764607523265,"s":"ETHUSDT","S":"Sell","v":"0.01","p":"2745.44","L":"MinusTick","i":"8db571f7-5b60-5634-a5dc-05d385be62a4","BT":false,"RPI":false,"seq":336972451640},{"T":1764607523265,"s":"ETHUSDT","S":"Sell","v":"0.01","p":"2745.44","L":"ZeroMinusTick","i":"892f9598-11b4-571d-a1eb-a434d026a5bf","BT":false,"RPI":false,"seq":336972451640},{"T":1764607523278,"s":"ETHUSDT","S":"Sell","v":"0.01","p":"2745.36","L":"MinusTick","i":"41a1a438-c722-5208-894b-2c05f5ab5b35","BT":false,"RPI":false,"seq":336972452297},{"T":1764607523357,"s":"ETHUSDT","S":"Sell","v":"0.01","p":"2745.34","L":"MinusTick","i":"8d6546d1-d2b5-5783-8a0b-2af065765453","BT":false,"RPI":false,"seq":336972453509},{"T":1764607523357,"s":"ETHUSDT","S":"Sell","v":"0.01","p":"2745.34","L":"ZeroMinusTick","i":"93ece3a1-bb5b-5f38-936c-ebb0bf2fe419","BT":false,"RPI":false,"seq":336972453509},{"T":1764607523357,"s":"ETHUSDT","S":"Sell","v":"0.01","p":"2745.34","L":"ZeroMinusTick","i":"47c31ae8-bc35-5542-9d1b-6c6d316015eb","BT":false,"RPI":false,"seq":336972453509},{"T":1764607523357,"s":"ETHUSDT","S":"Sell","v":"0.01","p":"2745.34","L":"ZeroMinusTick","i":"646d7bc6-8f70-5c39-95e9-300eedaa0050","BT":false,"RPI":false,"seq":336972453509},{"T":1764607523357,"s":"ETHUSDT","S":"Sell","v":"0.01","p":"2745.33","L":"MinusTick","i":"b127809d-6e96-5c51-9ef0-852df13b76e7","BT":false,"RPI":false,"seq":336972453509},{"T":1764607523362,"s":"ETHUSDT","S":"Sell","v":"0.01","p":"2745.30","L":"MinusTick","i":"c2bd45a6-05e0-5b9c-b282-22813400aae8","BT":false,"RPI":false,"seq":336972453823},{"T":1764607523362,"s":"ETHUSDT","S":"Sell","v":"0.07","p":"2745.30","L":"ZeroMinusTick","i":"7722d48d-460e-5e82-9aea-c167e14760ba","BT":false,"RPI":false,"seq":336972453823},{"T":1764607523488,"s":"ETHUSDT","S":"Buy","v":"0.03","p":"2745.31","L":"PlusTick","i":"49d6b3ba-3599-5e07-b375-dd52a790a52f","BT":false,"RPI":false,"seq":336972454521},{"T":1764607523605,"s":"ETHUSDT","S":"Buy","v":"0.20","p":"2745.31","L":"ZeroPlusTick","i":"e806c7e6-0683-5b71-85ec-cbfa69c6a8c0","BT":false,"RPI":false,"seq":336972454765},{"T":1764607524363,"s":"ETHUSDT","S":"Buy","v":"0.03","p":"2745.31","L":"ZeroPlusTick","i":"2e87e74f-84a7-5bb7-9bb1-d285b8cf7985","BT":false,"RPI":false,"seq":336972456087},{"T":1764607524696,"s":"ETHUSDT","S":"Sell","v":"0.01","p":"2745.30","L":"MinusTick","i":"79151fa6-cdfd-5eb9-a2e3-6cba0cd9e05d","BT":false,"RPI":false,"seq":336972457043},{"T":1764607524696,"s":"ETHUSDT","S":"Sell","v":"0.01","p":"2745.30","L":"ZeroMinusTick","i":"e0a11feb-1c5e-595e-8773-43dbf0c45511","BT":false,"RPI":false,"seq":336972457043},{"T":1764607524696,"s":"ETHUSDT","S":"Sell","v":"0.01","p":"2745.30","L":"ZeroMinusTick","i":"f8886df5-381a-5c10-9a71-000304d8f79b","BT":false,"RPI":false,"seq":336972457043},{"T":1764607524696,"s":"ETHUSDT","S":"Sell","v":"0.01","p":"2745.30","L":"ZeroMinusTick","i":"e4204a83-95ef-5e29-98ec-43f6d08e12ab","BT":false,"RPI":false,"seq":336972457043},{"T":1764607524696,"s":"ETHUSDT","S":"Sell","v":"1.96","p":"2745.30","L":"ZeroMinusTick","i":"300996a8-69c9-5461-9cdc-1933c1323a2e","BT":false,"RPI":false,"seq":336972457043},{"T":1764607524704,"s":"ETHUSDT","S":"Sell","v":"0.01","p":"2745.30","L":"ZeroMinusTick","i":"eea94136-e0a7-532b-aa67-3a639f3b97a2","BT":false,"RPI":false,"seq":336972457123},{"T":1764607524737,"s":"ETHUSDT","S":"Buy","v":"0.03","p":"2745.29","L":"MinusTick","i":"12cb78b7-bc2f-5c78-b553-a9b0ebf7ac35","BT":false,"RPI":false,"seq":336972457793},{"T":1764607525185,"s":"ETHUSDT","S":"Sell","v":"0.01","p":"2745.28","L":"MinusTick","i":"d0ba2cbb-f7f5-55bc-94e7-6144b6772aa2","BT":false,"RPI":false,"seq":336972460183},{"T":1764607525185,"s":"ETHUSDT","S":"Sell","v":"1.81","p":"2745.28","L":"ZeroMinusTick","i":"6751d0d3-26e4-5e5c-8dd0-af150940f0d6","BT":false,"RPI":false,"seq":336972460183},{"T":1764607525186,"s":"ETHUSDT","S":"Sell","v":"1.09","p":"2745.28","L":"ZeroMinusTick","i":"7e78d52c-ee95-56ce-961d-ea22946bc250","BT":false,"RPI":false,"seq":336972460189},{"T":1764607525197,"s":"ETHUSDT","S":"Sell","v":"0.01","p":"2745.28","L":"ZeroMinusTick","i":"e5e35772-7bea-5450-89cf-6c7359fcd7d4","BT":false,"RPI":false,"seq":336972460330},{"T":1764607525197,"s":"ETHUSDT","S":"Sell","v":"0.02","p":"2745.28","L":"ZeroMinusTick","i":"48f1f1ec-6b8b-5a98-afc2-0f5f7cd49d06","BT":false,"RPI":false,"seq":336972460330},{"T":1764607525197,"s":"ETHUSDT","S":"Sell","v":"0.02","p":"2745.25","L":"MinusTick","i":"4bd38df5-5755-5a80-a4d3-5437c69471be","BT":false,"RPI":false,"seq":336972460330},{"T":1764607525197,"s":"ETHUSDT","S":"Sell","v":"0.02","p":"2745.22","L":"MinusTick","i":"7d41922b-8071-5782-9970-fe9fcddc050a","BT":false,"RPI":false,"seq":336972460330},{"T":1764607525197,"s":"ETHUSDT","S":"Sell","v":"0.01","p":"2745.21","L":"MinusTick","i":"b91e0562-deac-505c-a6ad-eda10eb07593","BT":false,"RPI":false,"seq":336972460330},{"T":1764607525197,"s":"ETHUSDT","S":"Sell","v":"0.01","p":"2745.20","L":"MinusTick","i":"4879a70a-800d-54fc-829a-51d0de460643","BT":false,"RPI":false,"seq":336972460330},{"T":1764607525197,"s":"ETHUSDT","S":"Sell","v":"0.01","p":"2745.20","L":"ZeroMinusTick","i":"cac3dc5c-4bd6-5557-99b5-ddc4287ef945","BT":false,"RPI":false,"seq":336972460330},{"T":1764607526006,"s":"ETHUSDT","S":"Buy","v":"0.14","p":"2745.19","L":"MinusTick","i":"a9f32bbe-f16f-5324-a9e5-75404f4079bf","BT":false,"RPI":false,"seq":336972462778},{"T":1764607526028,"s":"ETHUSDT","S":"Buy","v":"0.07","p":"2745.19","L":"ZeroMinusTick","i":"ca5738ed-9d1f-58cf-92ef-3e472ce65a7d","BT":false,"RPI":false,"seq":336972462828}]}}}